101 091000019 0910000192510121000A094101RECEIVING BANK       ORIGINATING BANK
5200ACME CORP                           1234567890PPDPAYROLL         251012   1123456780000001
622121000248123456789         0000050000EMP1001            ALICE JOHNSON         0123456780000001
622121000248987654321         0000075000EMP1002            BOB SMITH             0123456780000002
632026009593456789123         0000060000EMP1003            CAROL DAVIS           0123456780000003
822000000300247009841000000000000000000000185000001234567890                         123456780000001
9000001000001000000030024700984100000000000000000000018500000000000000000000000000000000000000
9999999999999999999999999999999999999999999999999999999999999999999999999999999999999999999999
9999999999999999999999999999999999999999999999999999999999999999999999999999999999999999999999
9999999999999999999999999999999999999999999999999999999999999999999999999999999999999999999999
9999999999999999999999999999999999999999999999999999999999999999999999999999999999999999999999
