101009100001900910000192510121616A094101RECEIVING BANK         ORIGINATING BANK               
5200INITECH LLC                         1234567890PPDPAYROLL         251013   1123456780000001
632063100277669978770        0000190183EMP2937        Ivy Thomas              0063100275498951
632026009593985859823        0000486786EMP8014        Karen White             0026009599280040
632026009593503000247        0000477247EMP5674        Nathan Lee              0026009597374431
622026009593445822056        0000364290EMP8494        Olivia Martinez         0026009593273938
632111000025855591604        0000439611EMP5995        Mary Garcia             0111000026299785
622026009593899714273        0000144593EMP1056        Eva Brown               0026009595927429
622044000037465703545        0000077956EMP4252        Nathan Lee              0044000038829903
632121000248494914091        0000077684EMP2811        David Wilson            0121000241612576
622122105155811062266        0000193656EMP1140        Alice Johnson           0122105159149641
632044000037411808703        0000119355EMP9193        Mary Garcia             0044000035593386
622111000025415588832        0000052957EMP4655        Olivia Martinez         0111000025444978
632122105155263046215        0000077876EMP6805        Eva Brown               0122105156237747
622026009593867973859        0000092150EMP2380        Karen White             0026009590117216
622026009593601126135        0000200259EMP2363        Alice Johnson           0026009590985666
622026009593388689123        0000315817EMP5596        Henry Anderson          0026009599039113
622026009593324957979        0000204831EMP4700        Ivy Thomas              0026009594497049
622044000037612869299        0000291518EMP1669        Eva Brown               0044000035430614
632026009593266517517        0000291005EMP4079        Jack Jackson            0026009591682020
632063100277112563311        0000385540EMP9100        Grace Taylor            0063100270133099
632122105155556125276        0000065551EMP1548        Jack Jackson            0122105158500131
622026009593702029520        0000464461EMP9826        Jack Jackson            0026009591082294
632111000025424746636        0000464761EMP9213        Bob Smith               0111000020009015
622122105155930063211        0000097186EMP1249        Mary Garcia             0122105156708491
622121000248570264477        0000297494EMP3252        Larry Martinez          0121000246611704
632111000025548558642        0000175337EMP8017        Grace Taylor            0111000024511809
632026009593207054370        0000233889EMP4132        David Wilson            0026009592077072
622031201467883930752        0000369701EMP4025        Alice Johnson           0031201462461467
622063100277988827350        0000354626EMP2664        Jack Jackson            0063100278260639
622063100277257317748        0000424985EMP3239        Mary Garcia             0063100275563549
622044000037585980788        0000436660EMP7375        Henry Anderson          0044000035823466
622031201467979759905        0000182519EMP3766        Jack Jackson            0031201465006650
622044000037899207813        0000442092EMP5747        Grace Taylor            0044000036798243
622121000248883974674        0000077555EMP8214        Henry Anderson          0121000243162678
632044000037870284386        0000144563EMP1277        Olivia Martinez         0044000035229494
632026009593711022742        0000285706EMP2051        Larry Martinez          0026009591751649
632031201467212725618        0000463702EMP7421        Karen White             0031201460704809
632111000025407365157        0000382731EMP2894        Mary Garcia             0111000025759024
632111000025410155865        0000304192EMP7383        Karen White             0111000026545394
622031201467824119039        0000455134EMP1450        Henry Anderson          0031201465033668
622021000021977775923        0000487082EMP8015        Alice Johnson           0021000022696777
632044000037514940321        0000178136EMP1164        Alice Johnson           0044000037116719
622021000021620406746        0000468445EMP4322        Carol Davis             0021000022025451
622031201467626951038        0000180275EMP2160        David Wilson            0031201463831807
622031201467564830697        0000463700EMP2768        Carol Davis             0031201465206903
622122105155700850167        0000436373EMP1826        Nathan Lee              0122105151297418
622111000025385813945        0000286588EMP6546        Eva Brown               0111000027005922
622121000248270527464        0000115706EMP7257        Frank Miller            0121000242331672
622111000025335811012        0000137509EMP7583        Alice Johnson           0111000023536829
622122105155703418417        0000200320EMP3542        Bob Smith               0122105152831142
622031201467121602502        0000133590EMP2802        Larry Martinez          0031201469479183
622111000025512341897        0000115307EMP8173        Larry Martinez          0111000027741847
632026009593741341084        0000361594EMP9066        Henry Anderson          0026009599855850
632031201467162173843        0000331671EMP8294        Jack Jackson            0031201462101683
622111000025823225588        0000300976EMP9507        David Wilson            0111000028779608
622063100277388157601        0000249459EMP3796        Jack Jackson            0063100279650502
632021000021743017745        0000072816EMP7908        Ivy Thomas              0021000029536226
622111000025783988037        0000078676EMP5808        Grace Taylor            0111000025380503
632121000248660078218        0000399867EMP8842        Eva Brown               0121000247065619
622121000248275536709        0000217524EMP9447        David Wilson            0121000243793866
622026009593211787885        0000419455EMP2231        Carol Davis             0026009593506815
622021000021455535609        0000150414EMP5726        Jack Jackson            0021000022959454
622111000025377834714        0000237297EMP5346        Henry Anderson          0111000023881991
632044000037495307899        0000235416EMP1274        Frank Miller            0044000031502254
622026009593510758702        0000173980EMP8614        Karen White             0026009596329202
632031201467739131916        0000421783EMP6124        Bob Smith               0031201466501917
632044000037163395575        0000112225EMP9955        Olivia Martinez         0044000039510138
632111000025218087066        0000378347EMP8804        Nathan Lee              0111000025087725
622121000248589436298        0000235549EMP8954        Ivy Thomas              0121000249225817
632044000037128570020        0000113515EMP9699        Henry Anderson          0044000039250274
622026009593763134275        0000312072EMP7159        Alice Johnson           0026009591167362
622111000025680099917        0000384313EMP5450        Frank Miller            0111000026044300
632044000037740781105        0000344811EMP6637        Grace Taylor            0044000038503048
632111000025388497216        0000139232EMP5356        Henry Anderson          0111000022300374
622121000248817821879        0000148724EMP2605        Nathan Lee              0121000244433200
622021000021360787833        0000486730EMP5707        Mary Garcia             0021000029379143
622031201467519990668        0000127027EMP8635        Alice Johnson           0031201464999191
622026009593865112759        0000488963EMP4444        David Wilson            0026009598219972
632121000248429826370        0000198176EMP2400        Olivia Martinez         0121000248193290
622044000037141474168        0000082625EMP1027        Nathan Lee              0044000031117260
622021000021908976830        0000434258EMP8066        Karen White             0021000027679172
632021000021541815367        0000489741EMP2944        Alice Johnson           0021000026865262
622121000248792899433        0000213236EMP1826        Nathan Lee              0121000240775358
632044000037187159021        0000149142EMP2861        Frank Miller            0044000033621272
632063100277708392821        0000286479EMP1510        Henry Anderson          0063100278849424
622111000025288629845        0000257818EMP8205        Bob Smith               0111000025820321
622021000021610628671        0000392310EMP7916        Henry Anderson          0021000022248507
632121000248191568778        0000296048EMP4439        Olivia Martinez         0121000240814513
632121000248733211235        0000428483EMP7423        Olivia Martinez         0121000241053391
632021000021928078016        0000422740EMP2739        Ivy Thomas              0021000024926087
632121000248938675292        0000085037EMP6875        Alice Johnson           0121000245652457
622031201467828653933        0000192116EMP5413        Ivy Thomas              0031201461662622
622111000025993513954        0000293251EMP5608        Nathan Lee              0111000026087105
622044000037504171987        0000108753EMP1019        David Wilson            0044000034782199
622021000021811491465        0000425715EMP8847        Karen White             0021000024174154
622122105155406086900        0000441168EMP2606        Bob Smith               0122105157835836
632111000025370676808        0000050146EMP3514        Carol Davis             0111000028364021
622044000037821696269        0000308252EMP8846        Carol Davis             0044000036907843
632111000025538572974        0000132289EMP8433        Frank Miller            0111000023498410
632026009593640921338        0000202440EMP7822        Carol Davis             0026009593598720
632031201467841363984        0000207249EMP3969        Jack Jackson            0031201463891034
632044000037990422000        0000081936EMP1255        Alice Johnson           0044000037758614
622122105155962833772        0000327810EMP6097        Henry Anderson          0122105155818462
632026009593306985306        0000278335EMP5796        Olivia Martinez         0026009596354415
622122105155234647167        0000397331EMP8475        Olivia Martinez         0122105152451584
622031201467635843190        0000382432EMP2534        Bob Smith               0031201466524554
632063100277907971857        0000312161EMP7531        Olivia Martinez         0063100276534342
632121000248211915466        0000141841EMP6842        Grace Taylor            0121000247830233
622111000025513141842        0000067474EMP8624        Jack Jackson            0111000020947870
632026009593264453998        0000330464EMP1545        David Wilson            0026009596829725
622021000021274358863        0000087760EMP7429        Jack Jackson            0021000023973780
632111000025614350545        0000326358EMP7711        Eva Brown               0111000027747327
622031201467124554891        0000347953EMP7271        Ivy Thomas              0031201463583993
632111000025109801200        0000256218EMP1555        Carol Davis             0111000021861158
622031201467477106156        0000413473EMP6139        Bob Smith               0031201462837554
632063100277953049417        0000373134EMP3413        Jack Jackson            0063100274968720
622063100277300419855        0000452802EMP7629        David Wilson            0063100273957576
622063100277263346584        0000404122EMP2044        David Wilson            0063100270910087
632122105155730039473        0000381636EMP7319        Larry Martinez          0122105153135421
632031201467857802221        0000446487EMP7664        Henry Anderson          0031201462273667
622031201467620933034        0000342849EMP7880        Bob Smith               0031201469045536
632044000037700723530        0000111218EMP5303        Nathan Lee              0044000032435684
622063100277488504876        0000249432EMP9169        Jack Jackson            0063100278925206
622026009593536307723        0000145531EMP4225        Henry Anderson          0026009591602283
632063100277795034331        0000116760EMP7094        Nathan Lee              0063100274960966
632122105155248540285        0000088493EMP7241        Olivia Martinez         0122105153776491
632026009593457065569        0000070233EMP9157        Henry Anderson          0026009591790243
632021000021404624860        0000459018EMP3045        Alice Johnson           0021000026531578
622121000248478692299        0000349012EMP7811        Carol Davis             0121000245084656
632111000025310355252        0000430168EMP8886        Jack Jackson            0111000022711139
632111000025625509349        0000454703EMP2076        Carol Davis             0111000028017264
622031201467284262763        0000102662EMP3614        Mary Garcia             0031201464396323
622122105155128014534        0000063019EMP1617        Bob Smith               0122105150592686
632031201467919553570        0000180395EMP3559        Frank Miller            0031201461197823
622031201467551964944        0000357350EMP8438        Henry Anderson          0031201460526260
622111000025115171817        0000230536EMP8032        Larry Martinez          0111000021479776
632026009593583828786        0000094813EMP6267        Bob Smith               0026009595764750
622026009593525234236        0000467775EMP5165        Eva Brown               0026009591103574
632122105155113460714        0000357808EMP4808        Grace Taylor            0122105150369382
632044000037174643182        0000318781EMP4898        Bob Smith               0044000039514582
632111000025390202067        0000349071EMP1197        Alice Johnson           0111000029068175
622026009593659473114        0000176272EMP2452        Olivia Martinez         0026009592967123
632063100277660077572        0000381918EMP4593        Jack Jackson            0063100276282888
622121000248137945472        0000068356EMP9526        Nathan Lee              0121000240945799
622111000025599181514        0000266852EMP4145        Henry Anderson          0111000026876887
622031201467626134432        0000178071EMP9752        Carol Davis             0031201460007503
632031201467516707170        0000327658EMP1775        Ivy Thomas              0031201460939533
622122105155645699533        0000414132EMP6993        Olivia Martinez         0122105151593614
622111000025567731106        0000282804EMP2923        Karen White             0111000022233458
622063100277294666694        0000052199EMP6589        Olivia Martinez         0063100272056474
632031201467602048802        0000367989EMP7381        Frank Miller            0031201466771941
632044000037329761245        0000482108EMP8299        Nathan Lee              0044000030199431
622044000037920254489        0000373698EMP9273        Carol Davis             0044000035326391
622031201467235978909        0000088402EMP5219        Eva Brown               0031201468629827
632026009593575657752        0000198793EMP4479        Nathan Lee              0026009591169500
632044000037703282502        0000277077EMP4984        Karen White             0044000031287652
632122105155377098033        0000128534EMP3897        Henry Anderson          0122105156493582
632026009593489621965        0000330583EMP2217        Eva Brown               0026009591582850
632021000021200207443        0000340433EMP8450        Bob Smith               0021000027727543
632121000248855046958        0000192635EMP3222        David Wilson            0121000248452995
632121000248813841544        0000496724EMP8044        Frank Miller            0121000243604729
632063100277548639323        0000414046EMP5243        Alice Johnson           0063100270124106
622063100277754287622        0000091672EMP3475        Nathan Lee              0063100272525723
622111000025419125054        0000475249EMP9046        Mary Garcia             0111000025069817
632121000248912284426        0000363198EMP7617        Bob Smith               0121000248764263
632063100277316169372        0000310130EMP7751        Henry Anderson          0063100277046981
632121000248905882962        0000276402EMP8456        Grace Taylor            0121000241124617
622111000025135954116        0000218650EMP8255        Ivy Thomas              0111000025052149
622026009593966528240        0000314247EMP1795        Jack Jackson            0026009591886558
622111000025178541231        0000076075EMP8445        Larry Martinez          0111000023944450
622122105155268491099        0000148181EMP3468        Ivy Thomas              0122105158715464
622063100277185989424        0000286555EMP4615        Larry Martinez          0063100277214063
632121000248767001935        0000304315EMP4176        Frank Miller            0121000243741176
622121000248637567582        0000232711EMP8806        Bob Smith               0121000246221982
632026009593902847814        0000135197EMP3469        David Wilson            0026009595535562
622111000025464029569        0000405825EMP3638        Grace Taylor            0111000022462179
622021000021221889665        0000452315EMP7654        Carol Davis             0021000024421000
622044000037475404593        0000178682EMP6737        Ivy Thomas              0044000039536800
622111000025576779510        0000187190EMP8917        Ivy Thomas              0111000020633236
622121000248110720195        0000226238EMP5421        Ivy Thomas              0121000244608519
632111000025623271202        0000333119EMP4700        Carol Davis             0111000028786297
632111000025834379805        0000327483EMP2070        David Wilson            0111000029230021
622031201467561805679        0000374017EMP3766        Olivia Martinez         0031201465310802
622063100277495005638        0000340257EMP6496        Olivia Martinez         0063100273039049
622031201467213465641        0000073704EMP1448        Larry Martinez          0031201460804941
622026009593193455279        0000089833EMP8212        Ivy Thomas              0026009597863146
622122105155535369955        0000225694EMP8324        Alice Johnson           0122105150540393
632063100277191121825        0000497032EMP4683        Eva Brown               0063100270162443
632026009593875585494        0000241982EMP1618        Henry Anderson          0026009592568865
632021000021945083611        0000361691EMP3601        Jack Jackson            0021000022625380
622111000025899457598        0000411345EMP5055        Bob Smith               0111000025341279
622044000037354468135        0000451029EMP9298        Jack Jackson            0044000039436848
622121000248626179951        0000444514EMP8524        Bob Smith               0121000245087309
632031201467107338744        0000111524EMP1334        Larry Martinez          0031201464030736
622021000021927359979        0000153959EMP6167        Bob Smith               0021000029347324
622021000021734553492        0000308583EMP5033        Karen White             0021000027976584
632031201467305621931        0000261877EMP9056        Eva Brown               0031201462495850
622026009593589209429        0000266417EMP5012        Bob Smith               0026009597950940
632122105155125625912        0000491862EMP1825        Alice Johnson           0122105151773289
632031201467799609666        0000456137EMP4362        Larry Martinez          0031201465305159
632121000248356865159        0000459972EMP1913        Eva Brown               0121000248019681
820000020013587055070000000000000000551825991234567890                         123456780000001
9000001000021000002001358705507000000000000000055182599                                       
9999999999999999999999999999999999999999999999999999999999999999999999999999999999999999999999
9999999999999999999999999999999999999999999999999999999999999999999999999999999999999999999999
9999999999999999999999999999999999999999999999999999999999999999999999999999999999999999999999
9999999999999999999999999999999999999999999999999999999999999999999999999999999999999999999999
9999999999999999999999999999999999999999999999999999999999999999999999999999999999999999999999
9999999999999999999999999999999999999999999999999999999999999999999999999999999999999999999999