101009100001900910000192510121616A094101RECEIVING BANK         ORIGINATING BANK               
5200UMBRELLA CO                         1234567890PPDPAYROLL         251013   1123456780000001
622021000021633410558        0000250862EMP3429        Bob Smith               0021000026803563
632122105155968560918        0000236173EMP1142        Ivy Thomas              0122105155806195
622121000248810829076        0000280606EMP7808        Carol Davis             0121000246372706
622021000021589005914        0000077076EMP6976        Ivy Thomas              0021000024315039
627063100277591710475        0000500000SUSP4          Eva Brown               0063100279773830
632026009593158578522        0000312693EMP6423        Alice Johnson           0026009595856880
632121000248930647697        0000234617EMP3281        Frank Miller            0121000248845664
622121000248337573138        0000402450EMP7303        Henry Anderson          0121000242269046
622063100277260192103        0000220608EMP3380        Eva Brown               0063100271052795
632026009593778681764        0000124726EMP4894        David Wilson            0026009591278492
632031201467553465725        0000421018EMP6269        Grace Taylor            0031201460250809
632044000037962713714        0000060330EMP1650        Jack Jackson            0044000030232602
627026009593566302667        0006664302ANOM12         Eva Brown               0026009599754451
632044000037724612449        0000445551EMP7260        Larry Martinez          0044000031517905
622021000021493601176        0000197090EMP4359        Ivy Thomas              0021000020723596
622026009593770245919        0000158821EMP8304        Mary Garcia             0026009596004100
632122105155550435535        0000293733EMP1207        Mary Garcia             0122105158127705
632026009593103029823        0000119346EMP3962        Ivy Thomas              0026009599553408
622044000037891828635        0000290907EMP7757        Larry Martinez          0044000030152104
622111000025888942270        0000359853EMP8337        Carol Davis             0111000027703590
622121000248305438355        0000346016EMP4087        Carol Davis             0121000244506997
627121000248281973886        0008725948ANOM21         Carol Davis             0121000241645883
622044000037253129698        0000136825EMP4706        Nathan Lee              0044000034886670
632063100277347057837        0000190109EMP1136        Nathan Lee              0063100270864889
622111000025866250168        0000271640EMP7399        Larry Martinez          0111000025560621
622031201467671944826        0000082269EMP7526        Karen White             0031201460168239
627021000021528022561        0008018549ANOM26         Alice Johnson           0021000029533260
622031201467456811034        0000067830EMP5679        Eva Brown               0031201467455813
622111000025150988801        0000236311EMP2778        Larry Martinez          0111000023724402
632026009593451289817        0000215342EMP1156        Jack Jackson            0026009594342556
622063100277422360066        0000258482EMP5660        Grace Taylor            0063100272419137
632026009593959473872        0000109452EMP5623        Alice Johnson           0026009591752071
622021000021686365715        0000353016EMP3622        Grace Taylor            0021000023834320
632111000025444955331        0000341161EMP1932        Frank Miller            0111000029877647
622026009593340774702        0000354406EMP9496        Karen White             0026009590857246
622063100277326294013        0000189822EMP6048        David Wilson            0063100278631812
632111000025463204987        0000268755EMP3326        Frank Miller            0111000022029572
622044000037436564065        0000349039EMP2403        Olivia Martinez         0044000038072034
632044000037321362828        0000420429EMP3241        Alice Johnson           0044000038087823
622063100277376484768        0000381406EMP5255        Henry Anderson          0063100271295485
622021000021809333389        0000279163EMP6962        Bob Smith               0021000028831887
622044000037347522365        0000314072EMP4569        Larry Martinez          0044000035614968
622031201467922788397        0000468042EMP9987        Frank Miller            0031201464768410
632031201467318156577        0000242758EMP3367        David Wilson            0031201461315278
627063100277852375215        0009947388ANOM44         Nathan Lee              0063100277197484
632031201467521820673        0000315939EMP6207        Carol Davis             0031201462075291
622021000021414469580        0000188122EMP7441        David Wilson            0021000020127754
627121000248850200222        0000500000SUSP47         Olivia Martinez         0121000241606573
622122105155450506960        0000206032EMP7635        Olivia Martinez         0122105159848459
622021000021501816113        0000166443EMP8951        Henry Anderson          0021000022956374
632121000248990935291        0000103114EMP6915        Nathan Lee              0121000243028505
622111000025785632228        0000325828EMP8391        Bob Smith               0111000027960877
632044000037572988790        0000272002EMP7072        Grace Taylor            0044000038495907
632063100277761507572        0000483658EMP6661        David Wilson            0063100271177223
622021000021932055144        0000423566EMP5153        Olivia Martinez         0021000026239341
632122105155534319339        0000315186EMP1807        Ivy Thomas              0122105153452209
622111000025431814215        0000288886EMP2789        David Wilson            0111000024343993
622122105155767811643        0000481994EMP7903        Nathan Lee              0122105154405665
627111000025873501807        0009817626ANOM58         Grace Taylor            0111000023893131
627111000025312906992        0000050000SUSP59         Grace Taylor            0111000028270724
622031201467165693758        0000453793EMP8177        Jack Jackson            0031201464121559
622122105155153389426        0000346026EMP7099        Ivy Thomas              0122105154437530
622044000037455578479        0000327578EMP5115        Nathan Lee              0044000032979175
622121000248286080879        0000093996EMP2520        Nathan Lee              0121000247916716
627026009593686241317        0006478434ANOM64         Larry Martinez          0026009595171446
627349235113537045762        0000166572FRAUD65        Bob Smith               0349235110674099
632031201467832979345        0000259140EMP4317        Larry Martinez          0031201461090276
627063100277814778199        0001000000SUSP67         Bob Smith               0063100277592839
622021000021714860740        0000475998EMP4236        Larry Martinez          0021000021252160
632063100277561349007        0000377979EMP2798        Olivia Martinez         0063100277276019
627026009593454160482        0000250000SUSP70         Jack Jackson            0026009598152937
632044000037212588848        0000188067EMP6750        Henry Anderson          0044000038197650
622111000025226382632        0000404667EMP5307        Henry Anderson          0111000026691588
632122105155411612108        0000344790EMP9172        Henry Anderson          0122105150315138
622121000248494299706        0000439691EMP2198        Jack Jackson            0121000246132965
632026009593154247341        0000459651EMP4773        Nathan Lee              0026009592795708
622122105155216056634        0000420721EMP2026        Eva Brown               0122105154917617
622021000021528679596        0000199758EMP6714        Alice Johnson           0021000027294403
622111000025848328027        0000178242EMP4838        David Wilson            0111000021368470
622122105155598806392        0000224840EMP9363        Jack Jackson            0122105150980279
632021000021706069087        0000340395EMP9357        Larry Martinez          0021000028116675
622026009593962908554        0000090404EMP7042        Frank Miller            0026009595770141
632122105155173964234        0000272110EMP3178        Nathan Lee              0122105159207469
632026009593594375720        0000378207EMP5360        Bob Smith               0026009592648645
627060557489267613776        0000428413FRAUD84        Karen White             0060557484693193
627121000248681340243        0000500000SUSP85         Ivy Thomas              0121000245827798
627372851336816622775        0000491918FRAUD86        Carol Davis             0372851334846795
622122105155690377539        0000422056EMP7335        Eva Brown               0122105150645649
622044000037715358855        0000290996EMP5552        Henry Anderson          0044000030591378
632111000025461525717        0000161712EMP5138        Karen White             0111000020641018
622026009593536853808        0000244327EMP5731        Eva Brown               0026009597385398
622121000248895521652        0000266570EMP1062        Eva Brown               0121000241330040
622122105155861165990        0000148545EMP1330        Carol Davis             0122105158076407
632021000021674361659        0000350635EMP5103        Karen White             0021000025362322
622111000025165525080        0000245721EMP4088        Larry Martinez          0111000021660163
627021000021912502831        0000100000SUSP95         David Wilson            0021000020626056
627586667919159970316        0000494298FRAUD96        Olivia Martinez         0586667912036113
632031201467360139998        0000273113EMP6601        Mary Garcia             0031201464554990
622121000248969852347        0000165927EMP3845        Grace Taylor            0121000242946545
632044000037420612799        0000363851EMP6321        Ivy Thomas              0044000032712325
632063100277582229174        0000338707EMP5153        Ivy Thomas              0063100278619879
632021000021428491738        0000179010EMP5986        Alice Johnson           0021000027732309
622063100277267191937        0000450458EMP4036        Frank Miller            0063100276330055
622121000248431817936        0000077586EMP9736        Carol Davis             0121000249268740
632111000025898107795        0000317992EMP4777        Karen White             0111000025657387
632021000021166943069        0000059347EMP6732        David Wilson            0021000024745112
632031201467173275078        0000352013EMP4874        Karen White             0031201461534453
632031201467881876721        0000368951EMP9577        Karen White             0031201463230515
627244163284882968409        0000331198FRAUD108       Jack Jackson            0244163284273009
632031201467363340171        0000062989EMP2074        Larry Martinez          0031201468298709
632121000248941527638        0000328157EMP7214        Henry Anderson          0121000244875332
622044000037111580628        0000434207EMP1460        Grace Taylor            0044000033201864
627031201467985746244        0000050000SUSP112        Henry Anderson          0031201463677078
632121000248419016034        0000238467EMP4177        Henry Anderson          0121000240515775
632121000248791280781        0000276150EMP5678        Mary Garcia             0121000241012804
627498752220134305688        0000393793FRAUD115       Henry Anderson          0498752223480159
632026009593974095773        0000376272EMP6121        David Wilson            0026009598799064
622111000025256558391        0000065027EMP3381        Alice Johnson           0111000024349722
622026009593144977696        0000173484EMP2202        Alice Johnson           0026009592248809
622031201467538487412        0000204809EMP6311        Frank Miller            0031201462772191
627063100277250931595        0009547605ANOM120        Mary Garcia             0063100270473682
632044000037115373987        0000071437EMP9515        Grace Taylor            0044000037000939
632031201467647088796        0000231808EMP7020        David Wilson            0031201469437118
622122105155164922382        0000279525EMP9788        Larry Martinez          0122105156823921
622063100277649334754        0000171456EMP9294        David Wilson            0063100276179264
632063100277181914722        0000313160EMP9267        Carol Davis             0063100273941483
622044000037694395504        0000382589EMP6233        Frank Miller            0044000030474832
632121000248709219626        0000190249EMP8982        Mary Garcia             0121000248879476
627113877666865644357        0000361270FRAUD128       Henry Anderson          0113877664521121
622044000037776279272        0000487914EMP3991        Karen White             0044000037446147
632031201467686708409        0000301948EMP6630        David Wilson            0031201461084458
627111000025226465701        0000500000SUSP131        Larry Martinez          0111000022304560
622121000248645006571        0000094653EMP7874        Nathan Lee              0121000247109361
622021000021152667926        0000223398EMP4202        Alice Johnson           0021000028559782
632121000248545086796        0000405035EMP3940        Eva Brown               0121000245035140
632111000025589221620        0000223920EMP3363        Olivia Martinez         0111000024507316
622122105155938623925        0000240444EMP1917        Frank Miller            0122105156622392
632044000037389343368        0000215660EMP9317        Henry Anderson          0044000030478037
622063100277916090112        0000293777EMP7363        Jack Jackson            0063100271088524
622121000248829943806        0000355621EMP8060        Grace Taylor            0121000240979962
632122105155815760916        0000127298EMP4286        Larry Martinez          0122105158395869
622031201467875294469        0000254073EMP9238        Eva Brown               0031201467383207
632063100277555780099        0000407015EMP8976        Karen White             0063100271528987
622111000025316175724        0000355624EMP6975        Grace Taylor            0111000022136987
622063100277690939905        0000226606EMP9730        Bob Smith               0063100271137444
632026009593500594281        0000183644EMP3207        Olivia Martinez         0026009596556765
632063100277975124359        0000264580EMP9744        Ivy Thomas              0063100274546383
622021000021886687757        0000269562EMP4300        Nathan Lee              0021000028239803
622044000037163057141        0000120849EMP6547        Eva Brown               0044000031152991
632026009593207489917        0000426777EMP2461        Mary Garcia             0026009592426992
622031201467909723239        0000190507EMP9142        Jack Jackson            0031201469615703
622063100277836607278        0000364784EMP2287        David Wilson            0063100271730017
632021000021537229488        0000463387EMP1538        Bob Smith               0021000024591055
622021000021851934858        0000378154EMP5047        David Wilson            0021000020376030
632026009593588062587        0000445282EMP2296        Carol Davis             0026009596636125
632026009593501565264        0000462125EMP8289        Henry Anderson          0026009594139699
622063100277253066676        0000408055EMP1518        Henry Anderson          0063100277305476
632021000021683235864        0000360108EMP6447        Grace Taylor            0021000023207579
627111000025767651613        0000250000SUSP158        Karen White             0111000020245133
632122105155658533138        0000162619EMP6691        Karen White             0122105151200756
627208726934200332558        0000332042FRAUD160       Nathan Lee              0208726937303978
622026009593248940407        0000453062EMP1468        David Wilson            0026009596367142
622063100277769857049        0000329006EMP3322        Carol Davis             0063100278132478
622044000037604957761        0000494050EMP2505        Carol Davis             0044000032539256
632026009593756457651        0000264124EMP2277        David Wilson            0026009596855798
632026009593586444862        0000463361EMP1681        Larry Martinez          0026009590010204
622031201467105921007        0000164553EMP4386        Frank Miller            0031201465124688
627291093507766346715        0000474908FRAUD167       Ivy Thomas              0291093508895399
627122105155479410059        0001000000SUSP168        Olivia Martinez         0122105158962917
622122105155446954474        0000236286EMP3814        Eva Brown               0122105156085799
622021000021695401489        0000079338EMP8942        Jack Jackson            0021000029354583
627031201467614191691        0000500000SUSP171        David Wilson            0031201467886368
622122105155245638929        0000053554EMP7425        Jack Jackson            0122105154261308
622026009593318156251        0000327111EMP8752        Jack Jackson            0026009592473066
622121000248676169010        0000291528EMP4700        Carol Davis             0121000248226164
632111000025710324565        0000415234EMP7573        Ivy Thomas              0111000029233033
622044000037995237258        0000077105EMP6002        Henry Anderson          0044000032306947
632026009593992947138        0000497794EMP4803        Karen White             0026009594957329
622063100277127739919        0000488892EMP6277        Nathan Lee              0063100270776467
622111000025258514566        0000308269EMP7619        Frank Miller            0111000021173532
632063100277773335986        0000259147EMP4758        Alice Johnson           0063100274268796
622044000037724128791        0000113025EMP3953        Larry Martinez          0044000037120396
622063100277502996390        0000288585EMP6970        Eva Brown               0063100270739022
632044000037523409946        0000337955EMP3388        David Wilson            0044000036272460
632044000037110056864        0000403772EMP7450        Alice Johnson           0044000031758687
632044000037758423282        0000384971EMP7594        Karen White             0044000035410213
627044000037405185928        0001000000SUSP186        Ivy Thomas              0044000038028454
632044000037915539669        0000360744EMP1402        Alice Johnson           0044000037507630
622111000025849948825        0000458457EMP4768        Frank Miller            0111000027329696
632021000021212395334        0000180396EMP4771        David Wilson            0021000021721554
632044000037712428487        0000420950EMP8377        Karen White             0044000032958974
622063100277203899697        0000395599EMP9133        Frank Miller            0063100271259155
632121000248667320601        0000470426EMP5175        Bob Smith               0121000245017605
622031201467398016076        0000481897EMP8471        David Wilson            0031201464887509
622031201467871788463        0000476810EMP2842        Henry Anderson          0031201462094881
622026009593963245729        0000285419EMP7756        Jack Jackson            0026009596849873
622031201467147846295        0000338136EMP6980        Larry Martinez          0031201463621906
632031201467802633041        0000060493EMP9279        Grace Taylor            0031201465603072
632063100277459201336        0000204380EMP8972        Karen White             0063100270130572
627021000021801526192        0001000000SUSP199        Eva Brown               0021000022964635
820000020014970721950000698742640000486647791234567890                         123456780000001
9000001000021000002001497072195000069874264000048664779                                       
9999999999999999999999999999999999999999999999999999999999999999999999999999999999999999999999
9999999999999999999999999999999999999999999999999999999999999999999999999999999999999999999999
9999999999999999999999999999999999999999999999999999999999999999999999999999999999999999999999
9999999999999999999999999999999999999999999999999999999999999999999999999999999999999999999999
9999999999999999999999999999999999999999999999999999999999999999999999999999999999999999999999
9999999999999999999999999999999999999999999999999999999999999999999999999999999999999999999999