101009100001900910000192510121616A094101RECEIVING BANK         ORIGINATING BANK               
5200INITECH LLC                         1234567890PPDPAYROLL         251013   1123456780000001
622021000021810429756        0000104013EMP3097        Ivy Thomas              0021000029996971
627987899137397643494        0000444215FRAUD1         Grace Taylor            0987899138590267
627031201467109970140        0000500000SUSP2          Frank Miller            0031201463734572
627580123066144888344        0000210555FRAUD3         Mary Garcia             0580123061332551
622026009593754575792        0000406873EMP4048        Grace Taylor            0026009591034480
632121000248522865984        0000150360EMP9018        Nathan Lee              0121000244267355
627561028991451377623        0000139989FRAUD6         Nathan Lee              0561028999821965
622021000021450616832        0000484714EMP1287        Jack Jackson            0021000024544859
627031201467129366269        0000250000SUSP8          Karen White             0031201467386779
622044000037844759266        0000095618EMP9935        Larry Martinez          0044000038073979
622044000037676969472        0000202053EMP9435        Nathan Lee              0044000034128514
627530764331570582477        0000204666FRAUD11        Carol Davis             0530764332360017
627111000025190998838        0007365830ANOM12         Alice Johnson           0111000024041930
627701651308973380876        0000208085FRAUD13        Henry Anderson          0701651307465811
632063100277158955522        0000212099EMP8860        Henry Anderson          0063100271879965
622121000248883749157        0000343965EMP5728        Alice Johnson           0121000249862639
627667325181334679035        0000164168FRAUD16        Alice Johnson           0667325182164908
632031201467339949279        0000417533EMP5543        Nathan Lee              0031201464670752
622063100277884734234        0000219301EMP5807        Eva Brown               0063100278947252
622044000037137118424        0000208941EMP6692        Bob Smith               0044000038823890
622121000248805254368        0000050544EMP8901        Henry Anderson          0121000244346820
622121000248561487305        0000268995EMP3445        Ivy Thomas              0121000247483978
632031201467355090090        0000259741EMP1108        David Wilson            0031201469258561
632044000037462223526        0000318750EMP2745        Alice Johnson           0044000033242654
627568426909495056577        0000385932FRAUD24        Nathan Lee              0568426902254568
632063100277347851833        0000075099EMP8760        Nathan Lee              0063100270696369
632111000025864514120        0000259419EMP5570        Ivy Thomas              0111000021760547
632063100277917383839        0000404473EMP6298        Bob Smith               0063100277570300
632122105155953006126        0000340351EMP2948        Henry Anderson          0122105152477967
632121000248670267337        0000148787EMP1325        Alice Johnson           0121000248569332
632111000025511930091        0000076050EMP3469        Eva Brown               0111000029518652
627021000021380641393        0007623976ANOM31         Ivy Thomas              0021000025310959
627122105155862321414        0000250000SUSP32         Carol Davis             0122105155093747
632122105155757506199        0000191260EMP5417        Jack Jackson            0122105150128981
627031201467780789227        0009144651ANOM34         Frank Miller            0031201463227855
627398958456920780392        0000404927FRAUD35        David Wilson            0398958456380794
627111000025580396065        0008542478ANOM36         Larry Martinez          0111000028341368
622122105155245420965        0000179403EMP6263        Olivia Martinez         0122105152274101
627085520764364082011        0000485619FRAUD38        Larry Martinez          0085520768954692
632026009593148964969        0000427475EMP9459        Carol Davis             0026009591362528
627111000025693543784        0005035466ANOM40         Nathan Lee              0111000027318988
627063100277825740605        0001000000SUSP41         Frank Miller            0063100273161862
622122105155148334289        0000051427EMP7307        Karen White             0122105154932354
632031201467774521266        0000396831EMP3552        Alice Johnson           0031201466146132
632121000248881560226        0000191746EMP5240        Ivy Thomas              0121000249175658
622122105155708316548        0000319900EMP4962        Mary Garcia             0122105157097598
632111000025682091255        0000052871EMP1864        Jack Jackson            0111000022691878
632026009593325610845        0000210861EMP1118        Karen White             0026009592351032
622111000025148870655        0000486514EMP3543        Eva Brown               0111000029133644
627013419643678180744        0000253308FRAUD49        Ivy Thomas              0013419647478508
632026009593884194529        0000441841EMP3162        Eva Brown               0026009596228885
632021000021347508637        0000064915EMP3442        Jack Jackson            0021000024088542
632111000025274128942        0000415765EMP8164        Henry Anderson          0111000022915367
622031201467534355276        0000356017EMP6592        Jack Jackson            0031201464854698
622063100277153811990        0000306795EMP6110        Alice Johnson           0063100273476886
627122105155109785236        0007493680ANOM55         Frank Miller            0122105154811722
632121000248753107936        0000276131EMP5114        David Wilson            0121000247162231
627122105155995188478        0007854285ANOM57         Ivy Thomas              0122105158843417
627026009593998351988        0001000000SUSP58         Karen White             0026009594828050
632021000021639676822        0000409328EMP8976        Karen White             0021000029709484
622031201467571621681        0000133527EMP7389        Grace Taylor            0031201460204606
627031201467436740670        0006161479ANOM61         Grace Taylor            0031201465065641
627063100277624938084        0009237211ANOM62         Mary Garcia             0063100270720281
627868351851258113737        0000437550FRAUD63        Larry Martinez          0868351858992484
632026009593398899566        0000434005EMP5038        Larry Martinez          0026009593787585
622021000021233592503        0000440660EMP9520        Karen White             0021000022330150
622121000248401621286        0000185595EMP1413        Alice Johnson           0121000240863608
627063100277403738037        0000250000SUSP67         Alice Johnson           0063100271403003
632044000037844982342        0000256096EMP2367        Nathan Lee              0044000039326834
632122105155183985103        0000360632EMP3943        Frank Miller            0122105150168984
622021000021671808369        0000186935EMP3935        Ivy Thomas              0021000028841300
622031201467249311715        0000199749EMP7652        Frank Miller            0031201466383232
622122105155962407900        0000464554EMP8978        Carol Davis             0122105150546450
627021000021679784849        0000100000SUSP73         Henry Anderson          0021000029122182
622111000025813227558        0000261334EMP5820        David Wilson            0111000029303857
632122105155280336167        0000193352EMP1862        Alice Johnson           0122105151540950
632121000248931057566        0000366668EMP2744        Eva Brown               0121000249758260
627031201467427786247        0000100000SUSP77         Mary Garcia             0031201469691170
627122105155338135616        0006875376ANOM78         Olivia Martinez         0122105155084324
632111000025700842014        0000102947EMP9873        Bob Smith               0111000025664709
627182683957585863077        0000149647FRAUD80        Ivy Thomas              0182683956982385
622044000037781600333        0000449116EMP7569        Ivy Thomas              0044000033971595
632026009593194158430        0000097002EMP5211        Nathan Lee              0026009590642445
622111000025286960939        0000373215EMP8134        Larry Martinez          0111000026797438
627472304300809560498        0000453287FRAUD84        Grace Taylor            0472304306013162
632044000037771384578        0000145448EMP5282        Frank Miller            0044000033386526
632026009593418103611        0000144542EMP6882        David Wilson            0026009591397699
632031201467135962566        0000292683EMP3330        Grace Taylor            0031201465523405
632031201467509178636        0000241857EMP5165        Mary Garcia             0031201465236749
622111000025275276976        0000244881EMP7682        David Wilson            0111000021151885
622121000248660711146        0000365036EMP7997        David Wilson            0121000249232395
622044000037872970997        0000449471EMP6983        Mary Garcia             0044000030505524
632121000248514560385        0000139953EMP5130        Eva Brown               0121000244248906
627021000021437066784        0000100000SUSP93         Mary Garcia             0021000024762963
627122105155276682588        0000250000SUSP94         Nathan Lee              0122105154361187
622122105155905012630        0000326015EMP3513        Bob Smith               0122105159610548
627031201467974869714        0006665760ANOM96         Ivy Thomas              0031201465557479
627020899456917280276        0000394413FRAUD97        Larry Martinez          0020899457068496
632121000248353145795        0000332846EMP9084        David Wilson            0121000242260871
632031201467267074691        0000427539EMP2887        Grace Taylor            0031201465723283
627044000037332884011        0009245331ANOM100        Larry Martinez          0044000032483239
622021000021686248780        0000147492EMP8750        Alice Johnson           0021000024843981
632021000021751580115        0000083113EMP7194        Mary Garcia             0021000027669266
627121000248284706041        0000100000SUSP103        Alice Johnson           0121000244807015
622121000248488318790        0000317721EMP4522        Olivia Martinez         0121000247599870
622121000248369083933        0000325423EMP7170        Bob Smith               0121000245124241
627111000025809161552        0000500000SUSP106        Alice Johnson           0111000026930485
622031201467625697700        0000152038EMP6351        Jack Jackson            0031201464168260
622044000037855662268        0000402298EMP5723        Karen White             0044000033129377
627021000021338684972        0008018325ANOM109        David Wilson            0021000025025802
632122105155402358275        0000382650EMP8010        Olivia Martinez         0122105151550703
627121000248977352229        0000250000SUSP111        Alice Johnson           0121000240263900
632122105155686014734        0000280120EMP8628        Bob Smith               0122105158691889
622044000037379704592        0000255532EMP3014        Olivia Martinez         0044000037688830
622021000021242072563        0000275036EMP5997        Olivia Martinez         0021000029744317
632031201467548714909        0000090772EMP5185        Larry Martinez          0031201469153369
627503193790702424486        0000418184FRAUD116       Larry Martinez          0503193792297075
632111000025414240435        0000478328EMP1720        Nathan Lee              0111000023914154
622031201467475953006        0000339651EMP1638        Grace Taylor            0031201461386979
632121000248971054708        0000233381EMP9576        Carol Davis             0121000246406835
622111000025627294706        0000413265EMP7477        Eva Brown               0111000024487889
632021000021350596880        0000437787EMP9364        Ivy Thomas              0021000021906357
622111000025916001092        0000468401EMP3889        Mary Garcia             0111000026198505
632063100277485796202        0000478648EMP1585        Henry Anderson          0063100276380856
622031201467220904710        0000126027EMP4156        Henry Anderson          0031201468482875
632063100277494651993        0000130935EMP8020        Henry Anderson          0063100279304140
632122105155772431394        0000439690EMP5152        Eva Brown               0122105154787030
627098545585347887557        0000135639FRAUD127       Ivy Thomas              0098545588857560
632121000248474228919        0000407439EMP8824        Mary Garcia             0121000244210031
632111000025177235650        0000245930EMP2974        Mary Garcia             0111000021412484
622122105155348334026        0000393079EMP7140        Carol Davis             0122105150046055
622121000248285431871        0000147379EMP8464        Grace Taylor            0121000248536916
622111000025213741830        0000307770EMP7857        Henry Anderson          0111000029588067
632031201467796139617        0000323246EMP9440        Mary Garcia             0031201461947560
622111000025677571428        0000200903EMP4284        Carol Davis             0111000024763111
622122105155933209318        0000173899EMP5240        Grace Taylor            0122105153839048
622021000021435236975        0000051617EMP8397        David Wilson            0021000022243585
622121000248204327811        0000094765EMP6331        Karen White             0121000244206130
632044000037636443314        0000476963EMP3582        Mary Garcia             0044000031437397
632111000025421953180        0000206012EMP4822        Grace Taylor            0111000026472141
622122105155589111336        0000470957EMP3608        Henry Anderson          0122105155324238
622121000248862923319        0000478597EMP7909        Carol Davis             0121000246379487
627031201467905030519        0006178432ANOM142        Carol Davis             0031201462613659
622044000037990867006        0000074298EMP7915        Eva Brown               0044000039408811
632121000248287969932        0000141527EMP7688        Frank Miller            0121000242903308
632026009593784088720        0000375164EMP7255        Jack Jackson            0026009598551005
622122105155852295894        0000315048EMP3636        David Wilson            0122105155063461
632026009593388879200        0000495427EMP9164        Ivy Thomas              0026009590136300
632063100277529900353        0000482245EMP2987        Jack Jackson            0063100273021249
622026009593329915802        0000190464EMP6583        Frank Miller            0026009598880520
622026009593556458664        0000475981EMP6374        Bob Smith               0026009595557022
622031201467650781075        0000141679EMP9310        Bob Smith               0031201462989366
622021000021959103866        0000062194EMP8595        Carol Davis             0021000020823686
632026009593587051907        0000197147EMP8124        Henry Anderson          0026009598774484
622111000025225936682        0000227129EMP3014        Eva Brown               0111000026959997
627529024315248759389        0000253031FRAUD155       Mary Garcia             0529024316192383
632111000025704816267        0000470678EMP1128        Eva Brown               0111000027737863
622121000248570406127        0000394191EMP8722        Larry Martinez          0121000247259111
632031201467850014768        0000385639EMP3172        Jack Jackson            0031201464866805
632063100277286322409        0000118667EMP4940        Grace Taylor            0063100279312604
627443655354234771344        0000371293FRAUD160       Mary Garcia             0443655357779767
632122105155603252351        0000268439EMP2247        Ivy Thomas              0122105157192911
627063100277726516701        0000250000SUSP162        Nathan Lee              0063100271109324
632044000037479203795        0000396395EMP2718        Larry Martinez          0044000032365153
632122105155472616525        0000291974EMP8767        Alice Johnson           0122105157518284
622021000021605691376        0000115856EMP6657        Karen White             0021000027363246
632122105155718584019        0000290606EMP3880        Alice Johnson           0122105152772165
627442437646929123502        0000209755FRAUD167       Henry Anderson          0442437642525688
632121000248240024624        0000344758EMP2005        Nathan Lee              0121000242680908
622021000021792854076        0000298034EMP3481        Bob Smith               0021000026169646
622122105155407465874        0000493445EMP7125        Grace Taylor            0122105153734827
632111000025801850617        0000336175EMP4696        Jack Jackson            0111000026682072
627650095545632048222        0000139383FRAUD172       Larry Martinez          0650095542347097
622121000248218800786        0000080591EMP2443        Eva Brown               0121000245112669
627021000021579307925        0000050000SUSP174        Ivy Thomas              0021000027541214
622122105155696549026        0000117092EMP9649        Alice Johnson           0122105157479316
627063100277787239112        0001000000SUSP176        Ivy Thomas              0063100273353772
622021000021103993183        0000092150EMP3520        Ivy Thomas              0021000029384681
632122105155758634018        0000338331EMP3161        Eva Brown               0122105154971432
627834096558770925603        0000339350FRAUD179       Larry Martinez          0834096557545062
627053611749144495568        0000203760FRAUD180       Frank Miller            0053611743401753
632063100277154491202        0000456209EMP3635        Olivia Martinez         0063100274458495
622121000248768792257        0000164556EMP7690        Mary Garcia             0121000248509249
627063100277141269620        0005513113ANOM183        Henry Anderson          0063100275692414
632121000248341923110        0000059109EMP2488        Bob Smith               0121000248887344
632063100277992713124        0000414451EMP9468        Olivia Martinez         0063100272098114
627111000025367971439        0000050000SUSP186        Grace Taylor            0111000028058978
622121000248333040711        0000182095EMP4981        David Wilson            0121000243890645
622063100277750709785        0000314749EMP4008        Mary Garcia             0063100278705813
627122105155346710383        0000500000SUSP189        Alice Johnson           0122105159813222
632021000021942855628        0000272089EMP8833        Alice Johnson           0021000027931714
622063100277652510136        0000062624EMP4621        Henry Anderson          0063100277826130
632031201467744573234        0000448953EMP3596        Olivia Martinez         0031201468078455
632122105155969810780        0000472444EMP2524        Larry Martinez          0122105152187504
622111000025352288809        0000367207EMP5897        David Wilson            0111000023633805
622026009593838561649        0000095861EMP7032        Bob Smith               0026009592616863
622031201467592955642        0000434868EMP3101        Larry Martinez          0031201461577963
632121000248662026246        0000241363EMP3724        Mary Garcia             0121000245569369
632111000025842024208        0000469599EMP7945        Jack Jackson            0111000029664164
622026009593314974257        0000312208EMP7394        Mary Garcia             0026009599876575
627021000021651553443        0000250000SUSP200        Karen White             0021000024242004
622063100277143278109        0000403932EMP8042        Grace Taylor            0063100271976362
627044000037499609043        0007743228ANOM202        Alice Johnson           0044000034245036
622044000037648875894        0000058008EMP2882        Alice Johnson           0044000032200831
632121000248616333957        0000139555EMP3707        Olivia Martinez         0121000242027891
632021000021200860233        0000153447EMP8954        Grace Taylor            0021000023745358
632026009593372747889        0000306014EMP4738        Larry Martinez          0026009592366893
622111000025380723416        0000402453EMP2305        David Wilson            0111000023924602
632021000021600633442        0000282447EMP1464        Bob Smith               0021000020380567
632111000025612346869        0000472226EMP6762        Olivia Martinez         0111000026466423
622111000025467598514        0000384555EMP8391        Bob Smith               0111000029769834
632122105155954725529        0000463904EMP5644        Frank Miller            0122105152345106
627111000025786931599        0006481360ANOM212        Henry Anderson          0111000026450261
632031201467634547483        0000464023EMP7875        Olivia Martinez         0031201467602006
632044000037143869361        0000411027EMP1949        Alice Johnson           0044000037779899
622121000248453978267        0000324808EMP3962        Bob Smith               0121000243367348
632122105155732752225        0000495970EMP7749        Eva Brown               0122105150565846
632031201467181608838        0000374331EMP9327        Alice Johnson           0031201466272908
622031201467326240125        0000110366EMP1665        Mary Garcia             0031201468454923
632021000021318177719        0000230454EMP7850        Bob Smith               0021000023759733
627044000037973198822        0006276049ANOM220        Olivia Martinez         0044000031749582
627111000025148559756        0000100000SUSP221        Karen White             0111000021222877
622044000037321719767        0000142067EMP7086        Karen White             0044000039343574
632063100277713492998        0000440311EMP6998        Karen White             0063100272268645
622063100277526909228        0000412014EMP9332        David Wilson            0063100278613406
622021000021141490140        0000484641EMP5920        David Wilson            0021000020288859
632021000021404030745        0000431616EMP4170        Larry Martinez          0021000024587821
627818309298975725175        0000471110FRAUD227       Nathan Lee              0818309298369568
622031201467548856923        0000200824EMP8547        Frank Miller            0031201469533124
622122105155538476673        0000300891EMP7561        Grace Taylor            0122105155376461
632122105155834128937        0000266094EMP9051        Carol Davis             0122105152597197
632021000021461135215        0000310830EMP7856        Grace Taylor            0021000025260373
622021000021371286638        0000196704EMP2690        Alice Johnson           0021000022029056
622031201467813139191        0000122270EMP8842        Olivia Martinez         0031201467519914
632026009593381759466        0000054644EMP1978        Jack Jackson            0026009591273341
622026009593378771868        0000114203EMP2570        Henry Anderson          0026009598219019
622026009593964173298        0000091718EMP2346        Bob Smith               0026009594679703
622021000021458899749        0000147414EMP8531        Larry Martinez          0021000021533630
622063100277242536325        0000313634EMP9864        Carol Davis             0063100274446776
632121000248182102427        0000146195EMP3037        Grace Taylor            0121000245537248
622044000037377318679        0000241590EMP5325        Karen White             0044000039215537
632121000248663267407        0000310940EMP1166        Nathan Lee              0121000245808112
632026009593622642921        0000220543EMP9861        Grace Taylor            0026009596811195
627021000021240272377        0000500000SUSP243        Bob Smith               0021000028490637
627880809095591424967        0000277594FRAUD244       Carol Davis             0880809096286836
627026009593455315558        0008549284ANOM245        Mary Garcia             0026009592955504
627906924178887070822        0000257991FRAUD246       Frank Miller            0906924177607497
632122105155828987175        0000135219EMP7597        Henry Anderson          0122105157447901
632063100277486355378        0000282695EMP6043        Nathan Lee              0063100276148173
632026009593563993302        0000174566EMP7729        Larry Martinez          0026009595235556
627111000025886458905        0000500000SUSP250        Frank Miller            0111000027783297
622121000248305324703        0000379570EMP5657        Bob Smith               0121000244317854
627111000025236221841        0007672042ANOM252        Alice Johnson           0111000024639540
627122105155454696041        0005062727ANOM253        David Wilson            0122105155421893
627039274537271121601        0000162963FRAUD254       Larry Martinez          0039274533993332
632063100277276661910        0000117674EMP3438        Nathan Lee              0063100271240415
632031201467670445555        0000111606EMP1381        Olivia Martinez         0031201467395210
632021000021723195011        0000360826EMP7148        Jack Jackson            0021000021395098
622063100277832919263        0000321212EMP2618        David Wilson            0063100277678125
622044000037237864348        0000379796EMP6543        Henry Anderson          0044000034981344
627044000037986715878        0000050000SUSP260        Larry Martinez          0044000036830266
627870312145646872338        0000399057FRAUD261       Carol Davis             0870312149939109
622122105155294444659        0000393245EMP3553        Carol Davis             0122105158176118
622111000025648153696        0000439272EMP9497        Jack Jackson            0111000025207502
632122105155203818120        0000153861EMP9407        Nathan Lee              0122105158912506
632044000037388520120        0000086079EMP6204        Nathan Lee              0044000038959082
632031201467708302719        0000134694EMP6202        Bob Smith               0031201461436182
632031201467227884600        0000098931EMP9792        Bob Smith               0031201467837924
627026009593827740557        0000050000SUSP268        David Wilson            0026009597785743
627111000025532913088        0000050000SUSP269        Frank Miller            0111000022074928
627122105155675213770        0000500000SUSP270        Bob Smith               0122105157067764
632111000025793372677        0000297634EMP3135        Ivy Thomas              0111000027064013
627789209527592569760        0000260747FRAUD272       David Wilson            0789209528183836
622111000025291572965        0000181393EMP4753        Carol Davis             0111000026132147
622031201467873667605        0000105629EMP9334        Eva Brown               0031201460464182
622031201467886775765        0000056955EMP9792        Ivy Thomas              0031201467867880
622063100277296164193        0000184652EMP3295        Eva Brown               0063100279970164
632111000025618973929        0000308457EMP3731        Carol Davis             0111000029163318
632122105155472780242        0000423569EMP7245        David Wilson            0122105158219859
632021000021318219924        0000083155EMP1591        Karen White             0021000020048209
622111000025947904581        0000278006EMP8715        Larry Martinez          0111000022148998
622121000248816991460        0000223603EMP6350        Mary Garcia             0121000241978752
632031201467631282533        0000181522EMP9624        David Wilson            0031201468256911
632121000248618912827        0000397813EMP9825        Carol Davis             0121000249337095
632063100277591355973        0000179168EMP6147        Eva Brown               0063100270534223
632121000248873897624        0000395982EMP1506        Henry Anderson          0121000244797937
622044000037500663202        0000053602EMP4864        Nathan Lee              0044000034053694
622021000021265042316        0000477901EMP5053        Larry Martinez          0021000027745016
622111000025651902165        0000472627EMP6157        Alice Johnson           0111000029313979
632121000248271688211        0000344670EMP4683        Nathan Lee              0121000243177921
622121000248991129273        0000368782EMP1855        Mary Garcia             0121000245329334
632026009593911035060        0000064067EMP6684        Larry Martinez          0026009598290210
622111000025220215547        0000057363EMP5617        Nathan Lee              0111000021748494
622044000037788569371        0000204926EMP7042        Alice Johnson           0044000037157781
632026009593832285669        0000398936EMP6833        David Wilson            0026009599036440
632121000248368210645        0000164021EMP8443        Henry Anderson          0121000245381675
632021000021431714432        0000215137EMP4146        David Wilson            0021000029578937
622122105155110667731        0000189815EMP5983        Nathan Lee              0122105155616727
622026009593415201438        0000146020EMP7024        Ivy Thomas              0026009594711181
622063100277779261594        0000470280EMP7827        David Wilson            0063100278681806
820000030034238484130001694763010000613805841234567890                         123456780000001
9000001000031000003003423848413000169476301000061380584                                       
9999999999999999999999999999999999999999999999999999999999999999999999999999999999999999999999
9999999999999999999999999999999999999999999999999999999999999999999999999999999999999999999999
9999999999999999999999999999999999999999999999999999999999999999999999999999999999999999999999
9999999999999999999999999999999999999999999999999999999999999999999999999999999999999999999999
9999999999999999999999999999999999999999999999999999999999999999999999999999999999999999999999
9999999999999999999999999999999999999999999999999999999999999999999999999999999999999999999999