101009100001900910000192510121616A094101RECEIVING BANK         ORIGINATING BANK               
5200UMBRELLA CO                         1234567890PPDPAYROLL         251013   1123456780000001
627111000025976043841        0000500000SUSP0          Nathan Lee              0111000020453252
627026009593814680261        0009306664ANOM1          Ivy Thomas              0026009592950397
627021000021525535428        0006465420ANOM2          Henry Anderson          0021000021703881
627021000021327695787        0000500000SUSP3          Frank Miller            0021000028645436
622026009593195186338        0000390276EMP6509        Jack Jackson            0026009593711895
627929669867595619598        0000209991FRAUD5         Henry Anderson          0929669860929959
632031201467514290352        0000270071EMP2499        Karen White             0031201464951398
622044000037769707276        0000232750EMP3833        Bob Smith               0044000037990803
627031201467583527450        0000500000SUSP8          Nathan Lee              0031201467541453
632121000248689238163        0000431104EMP8198        Mary Garcia             0121000242021792
627026009593536798704        0000100000SUSP10         Karen White             0026009596228343
632031201467427175174        0000480835EMP2275        Mary Garcia             0031201460208894
622063100277715989714        0000294315EMP6055        Grace Taylor            0063100278201542
627031201467163519026        0001000000SUSP13         Olivia Martinez         0031201463068676
632121000248696894194        0000172344EMP5643        Nathan Lee              0121000241272290
632063100277113882795        0000076884EMP5449        David Wilson            0063100272156319
632122105155628851811        0000362154EMP4628        David Wilson            0122105154236496
627261425248630845899        0000330347FRAUD17        Eva Brown               0261425243879882
627021000021932175732        0009655961ANOM18         Grace Taylor            0021000021072241
627294015854257634905        0000483160FRAUD19        David Wilson            0294015856728576
632122105155182247211        0000460925EMP1218        Olivia Martinez         0122105158436711
622031201467185708233        0000285437EMP8918        Frank Miller            0031201468983209
622031201467420014331        0000205654EMP5427        Grace Taylor            0031201462098783
622044000037532630303        0000376909EMP6146        Henry Anderson          0044000033919598
632122105155218277871        0000414417EMP1523        Frank Miller            0122105150868994
622111000025488201442        0000489759EMP3104        Carol Davis             0111000025810032
622063100277583739815        0000125424EMP9278        Eva Brown               0063100274159227
632063100277227386401        0000253740EMP7760        Henry Anderson          0063100276193597
627864091464984006397        0000236619FRAUD28        Mary Garcia             0864091464204372
627026009593998420230        0000050000SUSP29         Olivia Martinez         0026009598639172
627111000025618593861        0000050000SUSP30         Olivia Martinez         0111000027962561
627408733730389055113        0000405972FRAUD31        Frank Miller            0408733730305741
622021000021526661019        0000053906EMP9821        Eva Brown               0021000023218255
632122105155471467120        0000439151EMP2759        Ivy Thomas              0122105154786749
622021000021641257048        0000471832EMP8921        Eva Brown               0021000025159939
627121000248790541668        0000250000SUSP35         Karen White             0121000246128124
627111000025200218006        0005956409ANOM36         David Wilson            0111000023922367
627730896563513222542        0000359007FRAUD37        Grace Taylor            0730896563459202
632026009593629663383        0000217923EMP8138        David Wilson            0026009593402675
632063100277779365557        0000357041EMP5250        Larry Martinez          0063100270157641
632111000025904851126        0000081213EMP3421        David Wilson            0111000022225777
627021000021886442846        0007156929ANOM41         Grace Taylor            0021000024856185
632111000025203191264        0000139795EMP7348        Ivy Thomas              0111000025654087
632031201467557944085        0000244139EMP9124        Henry Anderson          0031201469028209
622121000248380137075        0000146625EMP5389        Bob Smith               0121000244516225
632031201467921589684        0000299582EMP7393        Karen White             0031201466882033
622021000021816433956        0000449912EMP7715        Bob Smith               0021000022338434
627361190711463130282        0000349556FRAUD47        Olivia Martinez         0361190719534797
632021000021250879872        0000168009EMP5139        Eva Brown               0021000022356059
627244096997383490977        0000259864FRAUD49        Nathan Lee              0244096993316032
627021000021839163184        0000100000SUSP50         Henry Anderson          0021000022866819
622063100277146825601        0000403962EMP9720        Ivy Thomas              0063100279336195
627044000037656622342        0007694908ANOM52         Larry Martinez          0044000036587475
632063100277946870495        0000098143EMP3497        Henry Anderson          0063100277559927
632031201467112311246        0000164300EMP1534        Ivy Thomas              0031201469776996
632111000025417621457        0000469821EMP5747        Carol Davis             0111000027419247
622031201467468192399        0000404924EMP4570        Henry Anderson          0031201466107420
632111000025285477809        0000052745EMP5624        Karen White             0111000029921508
622122105155667670536        0000076486EMP9358        David Wilson            0122105157761036
632122105155285602551        0000078724EMP8617        Mary Garcia             0122105154543608
627122105155262939118        0007209366ANOM60         Henry Anderson          0122105150872647
632044000037783339984        0000077013EMP3731        David Wilson            0044000031959136
622121000248539264705        0000404625EMP8761        Karen White             0121000249881393
632031201467580522310        0000139111EMP4967        Frank Miller            0031201464280863
622026009593416185573        0000251168EMP2006        Frank Miller            0026009596892918
632063100277521009766        0000123778EMP1913        Nathan Lee              0063100274851410
627021000021999966743        0000100000SUSP66         Olivia Martinez         0021000023531334
622121000248181618026        0000109934EMP5121        Grace Taylor            0121000241647784
627041887155222110263        0000434963FRAUD68        Jack Jackson            0041887157928370
627122105155933174111        0000100000SUSP69         Carol Davis             0122105155862167
622063100277122877897        0000358700EMP2778        Alice Johnson           0063100270759086
622021000021292190812        0000096402EMP1000        Ivy Thomas              0021000020120978
622031201467767983778        0000361161EMP2787        David Wilson            0031201463967385
627036223730786214572        0000307325FRAUD73        Grace Taylor            0036223731470664
622026009593439876348        0000496193EMP6453        Ivy Thomas              0026009590072118
622121000248839521202        0000471170EMP5818        Karen White             0121000242172457
622044000037713690777        0000116889EMP3844        Bob Smith               0044000037838000
627026009593324545369        0000250000SUSP77         Frank Miller            0026009596116036
627111000025599134994        0000500000SUSP78         Olivia Martinez         0111000022758137
632031201467148389265        0000340794EMP2422        Alice Johnson           0031201463206672
627950960749625015897        0000173595FRAUD80        Olivia Martinez         0950960749969543
632021000021508570576        0000341290EMP8712        Grace Taylor            0021000024298856
632044000037427543527        0000106680EMP5417        Alice Johnson           0044000032341010
622021000021958104982        0000277930EMP7969        Mary Garcia             0021000028760265
627111000025496628400        0009410889ANOM84         Frank Miller            0111000023855884
627069024457515596312        0000212919FRAUD85        Nathan Lee              0069024451692491
622122105155196100772        0000104217EMP4045        Mary Garcia             0122105157190044
632031201467894075970        0000345680EMP6517        Eva Brown               0031201462917660
627244890022231286985        0000384172FRAUD88        Jack Jackson            0244890024234480
622044000037408902533        0000240248EMP8496        Mary Garcia             0044000032343156
632111000025645939286        0000271912EMP8148        Olivia Martinez         0111000025853793
627646437635428733721        0000447952FRAUD91        Ivy Thomas              0646437634699290
627824845890160832430        0000278021FRAUD92        Frank Miller            0824845893834283
627542300570165481825        0000249278FRAUD93        Ivy Thomas              0542300578273472
622031201467483877291        0000087577EMP5294        Carol Davis             0031201462755939
632111000025400052646        0000255711EMP1002        Nathan Lee              0111000025319716
632121000248703685564        0000417966EMP6099        Grace Taylor            0121000243661505
622044000037584999010        0000371062EMP4616        Karen White             0044000032147418
632121000248346363131        0000440233EMP6009        Bob Smith               0121000247026993
622121000248796812650        0000259198EMP2175        David Wilson            0121000241906665
627026009593408263535        0006888614ANOM100        Olivia Martinez         0026009593536261
627021000021430803454        0006849877ANOM101        Larry Martinez          0021000028707079
627044000037631259512        0001000000SUSP102        Nathan Lee              0044000034911436
627063100277848450633        0006511445ANOM103        Frank Miller            0063100277645862
627026009593301447560        0008052182ANOM104        Jack Jackson            0026009591320033
627304701776349747266        0000239025FRAUD105       Mary Garcia             0304701772219564
632044000037616602418        0000394978EMP1383        Larry Martinez          0044000033750281
622063100277116486267        0000178402EMP2920        Larry Martinez          0063100272276410
627121000248698105935        0000500000SUSP108        Karen White             0121000240623413
627614505622551355082        0000277602FRAUD109       Grace Taylor            0614505621863127
627026009593959128687        0009546317ANOM110        Henry Anderson          0026009598883007
632021000021166592871        0000449026EMP4548        Grace Taylor            0021000023603818
622031201467250062433        0000474731EMP1977        Eva Brown               0031201463060709
632026009593708154598        0000381718EMP9348        Alice Johnson           0026009596363200
632021000021735925357        0000252867EMP1782        Larry Martinez          0021000021988031
627121000248367442221        0008942822ANOM115        Henry Anderson          0121000246089162
632026009593456689637        0000328434EMP2797        Alice Johnson           0026009593654177
632122105155487770170        0000483237EMP5330        Nathan Lee              0122105153448153
632111000025132244319        0000313004EMP1713        Nathan Lee              0111000023390591
622021000021386161003        0000228526EMP1973        Larry Martinez          0021000021715081
622044000037537628069        0000371333EMP8045        Eva Brown               0044000032976698
632121000248895907806        0000129848EMP1017        Bob Smith               0121000243431079
627111000025233521897        0009380590ANOM122        Ivy Thomas              0111000022658248
632031201467940900526        0000461474EMP2770        Bob Smith               0031201461801118
622121000248885578656        0000403131EMP9557        David Wilson            0121000248255202
632021000021103368656        0000257653EMP9897        Carol Davis             0021000026701294
622031201467663827721        0000449744EMP2981        Frank Miller            0031201467071616
627111000025839375206        0008595712ANOM127        Eva Brown               0111000020782458
632063100277992680084        0000106602EMP5623        Eva Brown               0063100274521172
632031201467400588403        0000315949EMP9124        Alice Johnson           0031201465580268
632111000025959311296        0000118856EMP7385        David Wilson            0111000028289114
627063100277127564846        0006892469ANOM131        Ivy Thomas              0063100275656907
627021000021762187631        0006602570ANOM132        Larry Martinez          0021000029420003
632031201467483807016        0000356612EMP9563        Bob Smith               0031201464749166
627691661790348544647        0000102852FRAUD134       Henry Anderson          0691661796885470
632021000021732928304        0000365473EMP2243        Olivia Martinez         0021000028384993
627728187403147104398        0000467805FRAUD136       Karen White             0728187407566692
627122105155126650604        0000500000SUSP137        Frank Miller            0122105152842303
622044000037779910570        0000320078EMP8782        Grace Taylor            0044000038318648
632121000248354215775        0000184875EMP7577        Eva Brown               0121000242854691
622111000025754082034        0000442382EMP7915        Frank Miller            0111000024392225
627051442869322191168        0000426035FRAUD141       Bob Smith               0051442861806700
627118929079105409525        0000222185FRAUD142       Olivia Martinez         0118929074583077
627021000021359378136        0008435125ANOM143        Carol Davis             0021000020489818
632063100277561799590        0000093626EMP7441        Nathan Lee              0063100279745557
632026009593799926492        0000348241EMP8830        Frank Miller            0026009595526763
627649278788726660505        0000232064FRAUD146       Ivy Thomas              0649278780553328
622063100277846366721        0000377008EMP5628        Jack Jackson            0063100277234112
627031201467963565366        0000500000SUSP148        Frank Miller            0031201463963144
627886156735484229392        0000191801FRAUD149       Carol Davis             0886156735269080
820000015019475584940001633363790000255956811234567890                         123456780000001
9000001000016000001501947558494000163336379000025595681                                       
9999999999999999999999999999999999999999999999999999999999999999999999999999999999999999999999
9999999999999999999999999999999999999999999999999999999999999999999999999999999999999999999999
9999999999999999999999999999999999999999999999999999999999999999999999999999999999999999999999
9999999999999999999999999999999999999999999999999999999999999999999999999999999999999999999999
9999999999999999999999999999999999999999999999999999999999999999999999999999999999999999999999
9999999999999999999999999999999999999999999999999999999999999999999999999999999999999999999999