101009100001900910000192510121616A094101RECEIVING BANK         ORIGINATING BANK               
5200INITECH LLC                         1234567890PPDPAYROLL         251013   1123456780000001
627607486349804950399        0000437551FRAUD0         Grace Taylor            0607486347609576
627063100277472691654        0001000000SUSP1          Frank Miller            0063100277954424
632121000248882557439        0000263064EMP4923        Ivy Thomas              0121000242647259
622122105155792878495        0000362096EMP9672        Carol Davis             0122105153838694
627111000025778518560        0001000000SUSP4          Larry Martinez          0111000023166202
632122105155826051356        0000269260EMP5484        David Wilson            0122105154730054
622111000025881339045        0000300564EMP7575        Ivy Thomas              0111000026302865
627164661952228367007        0000234143FRAUD7         Bob Smith               0164661958921180
622021000021687586049        0000350949EMP3871        Bob Smith               0021000022887585
622044000037511266056        0000138222EMP8788        Frank Miller            0044000034056272
622031201467552306732        0000351119EMP3977        Mary Garcia             0031201461912165
632031201467596640175        0000339341EMP6831        Karen White             0031201467394934
622031201467450714333        0000472965EMP8804        Frank Miller            0031201468543646
622044000037699193543        0000408175EMP9647        Frank Miller            0044000036013549
627121000248643711488        0000100000SUSP14         Frank Miller            0121000244430877
622063100277313244919        0000086167EMP1911        Eva Brown               0063100279947961
632121000248938038313        0000106717EMP1729        Henry Anderson          0121000240708140
622122105155947182025        0000441902EMP2649        Henry Anderson          0122105153425339
632021000021585983766        0000120644EMP5039        Eva Brown               0021000025012070
632122105155430442090        0000160336EMP7606        Olivia Martinez         0122105152435370
632026009593334758301        0000429248EMP5083        Frank Miller            0026009593769639
632026009593761781607        0000102780EMP8107        Mary Garcia             0026009591361030
622111000025480384127        0000332400EMP4825        Alice Johnson           0111000028475138
627026009593340596116        0005105266ANOM23         Bob Smith               0026009594219462
632111000025190227288        0000154708EMP3689        Grace Taylor            0111000028413829
622044000037730235702        0000477357EMP1896        Carol Davis             0044000033554857
632111000025549979231        0000095058EMP9289        Grace Taylor            0111000028850671
632026009593765567959        0000491579EMP1561        Henry Anderson          0026009595571766
632026009593639042807        0000185855EMP8319        Carol Davis             0026009599719457
632122105155978701557        0000134960EMP3898        Karen White             0122105150096733
632122105155522240245        0000241485EMP2054        Karen White             0122105154224764
632021000021600591098        0000408193EMP9133        Henry Anderson          0021000022401094
622031201467668199964        0000132998EMP1099        Eva Brown               0031201465280061
632063100277912207087        0000475747EMP9774        Henry Anderson          0063100276997857
632063100277632146066        0000148568EMP2888        Grace Taylor            0063100279738088
632063100277297321517        0000223453EMP9291        Frank Miller            0063100270359022
622031201467761350360        0000328978EMP7347        Karen White             0031201460612944
632031201467172789181        0000389920EMP5875        Ivy Thomas              0031201465949521
622026009593331726845        0000495554EMP2385        David Wilson            0026009594081907
632111000025866389599        0000237057EMP4640        Grace Taylor            0111000021576375
632021000021703504759        0000149493EMP3508        Jack Jackson            0021000028666977
622026009593124445478        0000328862EMP4641        Nathan Lee              0026009591685004
622121000248172577783        0000126581EMP1593        David Wilson            0121000244291071
632111000025701139267        0000409718EMP9986        Alice Johnson           0111000026281875
622044000037173293904        0000303871EMP2635        Nathan Lee              0044000030595065
622063100277517704563        0000486933EMP8584        Larry Martinez          0063100277495051
622121000248994355187        0000426269EMP2080        Grace Taylor            0121000246662267
622026009593342772832        0000067743EMP1767        Ivy Thomas              0026009590785424
632122105155252998789        0000373885EMP2455        Ivy Thomas              0122105152914121
632031201467457772961        0000396690EMP3227        Nathan Lee              0031201465763935
632026009593759053026        0000237198EMP9609        Jack Jackson            0026009597475256
632026009593963842225        0000329532EMP7894        Ivy Thomas              0026009596885140
622026009593486635975        0000229929EMP5808        Ivy Thomas              0026009598660548
632021000021506022721        0000189517EMP6432        Karen White             0021000026494478
622063100277208062318        0000275806EMP5471        Nathan Lee              0063100275777124
627044000037952944432        0006131353ANOM55         Henry Anderson          0044000032598305
632021000021160969516        0000080727EMP7462        Frank Miller            0021000024300942
622122105155617985321        0000127224EMP4033        Nathan Lee              0122105157869633
622031201467750675740        0000496785EMP7714        Bob Smith               0031201461869062
622063100277706053156        0000106216EMP6235        Bob Smith               0063100278037585
632063100277137969330        0000215397EMP3335        Bob Smith               0063100271276448
627031201467953889215        0000100000SUSP61         Carol Davis             0031201464346208
627031201467222555918        0000500000SUSP62         Karen White             0031201460873764
632044000037506637474        0000202702EMP4237        Bob Smith               0044000030330812
632026009593813267551        0000441286EMP3499        Jack Jackson            0026009599908299
622122105155180418900        0000140246EMP4342        Jack Jackson            0122105152729668
622063100277226927365        0000235932EMP7541        Bob Smith               0063100279804164
632063100277652652021        0000483903EMP9507        David Wilson            0063100270009801
622021000021317052954        0000312221EMP8657        David Wilson            0021000026184073
622026009593828850616        0000460054EMP9259        David Wilson            0026009599089150
627537469236392983321        0000211712FRAUD70        Jack Jackson            0537469236347495
622021000021840928137        0000419395EMP9270        Jack Jackson            0021000023367694
627021000021132977565        0009966572ANOM72         Ivy Thomas              0021000028604532
632111000025278519367        0000253607EMP7370        Alice Johnson           0111000024460145
632021000021722591050        0000215488EMP3555        Alice Johnson           0021000021708552
622031201467718012140        0000336136EMP7690        Karen White             0031201461002751
622121000248675472090        0000257197EMP3901        Carol Davis             0121000245693870
622122105155910990726        0000386315EMP9037        Alice Johnson           0122105155364313
632026009593969774437        0000446422EMP2843        Jack Jackson            0026009592681532
627612898023133294078        0000118096FRAUD79        Alice Johnson           0612898027160979
622111000025741792063        0000318590EMP9840        David Wilson            0111000025262531
632121000248473217528        0000138798EMP1371        Olivia Martinez         0121000246112063
622026009593128998020        0000239830EMP3824        Jack Jackson            0026009593439832
632044000037304381181        0000160829EMP2344        David Wilson            0044000035025346
622121000248784078815        0000341946EMP3487        Grace Taylor            0121000245928241
622044000037396734820        0000237201EMP2572        Mary Garcia             0044000031032710
622044000037212998137        0000340574EMP2762        Alice Johnson           0044000031291734
622121000248346586058        0000490516EMP4513        Bob Smith               0121000241821144
622111000025806756574        0000391599EMP2869        Alice Johnson           0111000023553215
622121000248334304380        0000428018EMP5189        Henry Anderson          0121000249286838
622121000248418366276        0000221805EMP8768        Jack Jackson            0121000243386632
622021000021582054530        0000230043EMP8278        Olivia Martinez         0021000020012424
627676666915619023470        0000389958FRAUD92        Jack Jackson            0676666911893287
622121000248891260237        0000051183EMP1360        Alice Johnson           0121000240751710
622044000037936715788        0000143256EMP4336        Jack Jackson            0044000034624068
622121000248288144428        0000148509EMP5441        Jack Jackson            0121000249454336
632021000021619309731        0000261393EMP8956        Olivia Martinez         0021000027165618
632121000248374999463        0000143844EMP5709        Larry Martinez          0121000249127775
622044000037221836631        0000154267EMP7021        Nathan Lee              0044000035599822
622063100277951623610        0000103904EMP1687        Jack Jackson            0063100273334011
632063100277816124357        0000177039EMP4811        Frank Miller            0063100272952668
622026009593265308262        0000356616EMP6121        Alice Johnson           0026009598500621
627033505362689752495        0000237509FRAUD102       Frank Miller            0033505362547520
632121000248676210647        0000379813EMP1866        Eva Brown               0121000240116635
632026009593635682128        0000346752EMP9714        Bob Smith               0026009598847454
622021000021797974850        0000434315EMP3334        Jack Jackson            0021000027229959
622031201467487291753        0000311094EMP9862        Eva Brown               0031201466969713
622121000248176668897        0000449951EMP5005        Larry Martinez          0121000241784115
632122105155754449984        0000287672EMP5880        Ivy Thomas              0122105155104424
632026009593307099416        0000156812EMP1407        Carol Davis             0026009598076965
622121000248557841794        0000365701EMP9354        Grace Taylor            0121000245742893
622121000248967057021        0000145861EMP2111        Larry Martinez          0121000240631421
632121000248825724737        0000066190EMP1438        David Wilson            0121000245772760
632026009593175879977        0000251853EMP9272        Mary Garcia             0026009597735648
632121000248648029588        0000193145EMP5625        Mary Garcia             0121000240849779
632021000021704032475        0000293508EMP1052        Alice Johnson           0021000028860438
622031201467172961889        0000101569EMP8246        Olivia Martinez         0031201466679999
622026009593135900788        0000105392EMP9061        David Wilson            0026009590178584
622026009593897181339        0000177198EMP1014        Larry Martinez          0026009599017181
632021000021989095643        0000178884EMP1031        David Wilson            0021000023360084
622063100277255138183        0000236703EMP5092        Jack Jackson            0063100271648434
627026009593870031628        0001000000SUSP121        Grace Taylor            0026009591201528
622122105155332762473        0000086027EMP1727        Jack Jackson            0122105156872006
622031201467663478333        0000423479EMP4262        Larry Martinez          0031201462119178
632026009593976362041        0000328308EMP8019        Karen White             0026009596807926
632111000025205448902        0000411436EMP9636        Henry Anderson          0111000026783731
622111000025858434443        0000287543EMP6431        Jack Jackson            0111000020703113
632026009593153867976        0000082275EMP7224        Nathan Lee              0026009593870321
627288759214826061933        0000427359FRAUD128       Alice Johnson           0288759219871928
632044000037490155989        0000080897EMP8355        Larry Martinez          0044000037578651
622031201467999245430        0000187232EMP7046        Mary Garcia             0031201464550835
622111000025130044081        0000283900EMP1660        David Wilson            0111000025895266
632026009593494932414        0000101613EMP6603        Jack Jackson            0026009596687644
632122105155533700708        0000280211EMP9649        Larry Martinez          0122105154440687
622121000248230027955        0000352840EMP1759        Frank Miller            0121000243649474
622122105155341306290        0000429787EMP1556        David Wilson            0122105155322765
627122105155250772702        0008334426ANOM136        Bob Smith               0122105150198952
632063100277115876724        0000441725EMP6037        Nathan Lee              0063100279280277
622121000248707835596        0000098993EMP1744        Nathan Lee              0121000241250323
632031201467329394909        0000297923EMP8125        Nathan Lee              0031201469927048
622121000248899116242        0000256621EMP4632        Carol Davis             0121000248710981
627491975133681095900        0000294692FRAUD141       Carol Davis             0491975137325012
622111000025555534966        0000268300EMP9398        Bob Smith               0111000024023598
632063100277351510101        0000154859EMP2960        Henry Anderson          0063100271369125
622111000025161162341        0000393176EMP7052        Frank Miller            0111000023479394
622026009593670046594        0000197401EMP8769        Carol Davis             0026009593702879
622111000025746852510        0000348229EMP6349        Karen White             0111000029285635
627031201467719552414        0000500000SUSP147        Eva Brown               0031201463431091
627121000248869532014        0001000000SUSP148        David Wilson            0121000247715779
632031201467682978129        0000272045EMP2830        Grace Taylor            0031201467134805
632111000025673909129        0000178165EMP8143        Frank Miller            0111000022841229
622021000021867371464        0000063494EMP7712        David Wilson            0021000028777791
632021000021601351820        0000341058EMP6620        Carol Davis             0021000024765233
632063100277691031671        0000078086EMP4082        Larry Martinez          0063100274747147
632121000248587532168        0000070505EMP3693        Eva Brown               0121000244410720
622121000248824403867        0000091359EMP8797        Henry Anderson          0121000241083307
627818590557901676443        0000255073FRAUD156       Mary Garcia             0818590551241151
627122105155292903909        0000050000SUSP157        Grace Taylor            0122105153385568
632044000037369872618        0000064658EMP6946        Eva Brown               0044000031029200
632026009593909762923        0000114467EMP1323        Larry Martinez          0026009597908242
632026009593161424671        0000273440EMP6026        Mary Garcia             0026009593077739
622026009593996330037        0000380963EMP2262        David Wilson            0026009593439334
632044000037831826095        0000199701EMP2723        Bob Smith               0044000037423947
632111000025500818788        0000156139EMP7617        Grace Taylor            0111000026081546
632121000248756382802        0000296785EMP4436        Larry Martinez          0121000244947778
622026009593361397690        0000075630EMP8691        Bob Smith               0026009596468860
632122105155757963883        0000231999EMP4501        Olivia Martinez         0122105157031776
622044000037606910486        0000181944EMP8290        Ivy Thomas              0044000034778259
632111000025202764847        0000278880EMP2655        Bob Smith               0111000027276119
627122105155365345180        0001000000SUSP169        David Wilson            0122105156669076
622121000248951508304        0000423882EMP2283        Henry Anderson          0121000243340063
632031201467801633085        0000122715EMP6500        Henry Anderson          0031201469922578
622044000037892621971        0000158926EMP3356        Nathan Lee              0044000038607326
622121000248798689891        0000228734EMP4810        Bob Smith               0121000241271300
627111000025908995588        0000050000SUSP174        Jack Jackson            0111000021005824
627031201467173016969        0007637070ANOM175        Larry Martinez          0031201462394531
627044000037943996497        0000500000SUSP176        Henry Anderson          0044000033820068
627063100277240616909        0005239268ANOM177        Nathan Lee              0063100279293429
622122105155646296392        0000411034EMP1248        Henry Anderson          0122105151102645
627121000248382374259        0009323287ANOM179        Henry Anderson          0121000242202372
632021000021734807701        0000278535EMP5848        Nathan Lee              0021000023265809
627122105155788153145        0000100000SUSP181        Ivy Thomas              0122105153312612
632122105155623471078        0000124006EMP3541        Ivy Thomas              0122105154990255
632121000248318671790        0000140794EMP2881        Nathan Lee              0121000243277611
622111000025289798247        0000127213EMP4037        Eva Brown               0111000025121499
622031201467896045000        0000058234EMP6943        Bob Smith               0031201462554282
632044000037384314378        0000381202EMP5628        Grace Taylor            0044000031910208
627031201467950199502        0000500000SUSP187        Ivy Thomas              0031201462455734
632021000021621871082        0000136122EMP1636        Nathan Lee              0021000028366239
622026009593490771038        0000402664EMP7261        Olivia Martinez         0026009591362197
622121000248161140068        0000451976EMP7106        Mary Garcia             0121000246932907
622021000021931992605        0000430927EMP8624        David Wilson            0021000023546405
622063100277397951393        0000051945EMP1885        Carol Davis             0063100277311413
627378944430881596380        0000234547FRAUD193       Nathan Lee              0378944435908589
622121000248986095434        0000117029EMP8168        Carol Davis             0121000242987850
632111000025260217677        0000367093EMP3009        Eva Brown               0111000029265266
622111000025285291139        0000472450EMP7383        Larry Martinez          0111000020141329
627026009593695263796        0009306106ANOM197        David Wilson            0026009597367941
632031201467881255293        0000348496EMP4310        Carol Davis             0031201460191060
632122105155213821595        0000499077EMP2575        Mary Garcia             0122105156494107
627044000037687266533        0008901171ANOM200        Frank Miller            0044000033143138
632063100277181126130        0000217445EMP7247        Ivy Thomas              0063100279407211
622122105155974025524        0000172937EMP9732        David Wilson            0122105159090424
632031201467273171208        0000341263EMP5554        Karen White             0031201460644681
632021000021277425657        0000322171EMP2067        Eva Brown               0021000021660412
632031201467224941002        0000187303EMP4816        Eva Brown               0031201468284841
632063100277377279291        0000271102EMP5557        Jack Jackson            0063100271105789
627063100277706400658        0005604726ANOM207        Jack Jackson            0063100275328879
622031201467728687203        0000249183EMP6776        Larry Martinez          0031201467874144
632063100277460669187        0000328922EMP4366        Carol Davis             0063100274472610
622031201467838878362        0000096307EMP3808        Eva Brown               0031201464452578
622121000248881382438        0000087078EMP1007        Nathan Lee              0121000241561723
627479377304570032834        0000326642FRAUD212       Larry Martinez          0479377306721842
622026009593652527084        0000201571EMP8645        Karen White             0026009594283807
622021000021365367112        0000471579EMP5636        Carol Davis             0021000025723119
622063100277170029381        0000199611EMP4367        Carol Davis             0063100278198984
622031201467733266440        0000175221EMP8394        David Wilson            0031201462125361
627478694940169846309        0000193620FRAUD217       Eva Brown               0478694940117269
622121000248341235799        0000059289EMP4720        Carol Davis             0121000240953214
627122105155808557013        0000100000SUSP219        Larry Martinez          0122105159548599
632122105155705260542        0000417530EMP3056        Eva Brown               0122105153371756
632111000025848817427        0000254470EMP8846        Mary Garcia             0111000021053905
632122105155620297035        0000320772EMP1511        Nathan Lee              0122105156760115
622026009593512689220        0000334451EMP1909        Frank Miller            0026009598542542
622026009593777561928        0000481773EMP6828        Eva Brown               0026009593456245
627031201467779785857        0001000000SUSP225        Larry Martinez          0031201467949832
622121000248458424264        0000431971EMP2823        Nathan Lee              0121000241271841
627122105155459182840        0007764666ANOM227        Eva Brown               0122105153391998
632031201467665915026        0000299167EMP5247        Mary Garcia             0031201463568898
622031201467856270061        0000169611EMP4720        Larry Martinez          0031201460501611
632122105155577019259        0000464721EMP8648        Nathan Lee              0122105155748621
632121000248947448686        0000448099EMP4281        Olivia Martinez         0121000242634243
632044000037557477136        0000176969EMP5486        Henry Anderson          0044000036177444
627063100277932583945        0006891489ANOM233        Henry Anderson          0063100272253110
622121000248675379386        0000479870EMP1822        Mary Garcia             0121000246033311
627683146208138238956        0000372422FRAUD235       Olivia Martinez         0683146203883533
622031201467556605517        0000339708EMP8984        Alice Johnson           0031201468417432
622044000037861169581        0000172739EMP7176        Mary Garcia             0044000036717829
622063100277892778815        0000230412EMP9606        Carol Davis             0063100279234721
622021000021381032844        0000402323EMP9681        Eva Brown               0021000022785658
632031201467300667770        0000113778EMP5814        Ivy Thomas              0031201469526930
632122105155353609038        0000245838EMP9798        Jack Jackson            0122105152206156
622111000025689491103        0000303405EMP9149        Ivy Thomas              0111000029964192
622044000037420210268        0000230728EMP6819        Frank Miller            0044000032270621
632026009593672552182        0000108644EMP1509        Ivy Thomas              0026009596502557
632121000248215233370        0000448395EMP9403        Nathan Lee              0121000243187094
632026009593266034944        0000328045EMP9660        Jack Jackson            0026009592552790
622031201467967357142        0000321305EMP1376        Carol Davis             0031201463787734
632111000025864267339        0000454844EMP3822        Mary Garcia             0111000023966417
622031201467128061373        0000361789EMP8366        Ivy Thomas              0031201469103825
622044000037716332595        0000216275EMP7396        Frank Miller            0044000038907358
622121000248289498683        0000104712EMP8933        Henry Anderson          0121000246289995
622021000021110782906        0000050652EMP8305        Henry Anderson          0021000029513246
632044000037605741818        0000417476EMP9557        Bob Smith               0044000032369849
632044000037687913748        0000405513EMP8430        Mary Garcia             0044000034581430
622031201467431586829        0000161093EMP2475        Karen White             0031201467895506
632063100277969928178        0000422233EMP4243        Frank Miller            0063100271167358
622121000248632336024        0000443539EMP8264        Jack Jackson            0121000248125638
627160455141722130497        0000363005FRAUD258       Ivy Thomas              0160455148414817
622111000025553007140        0000113792EMP2469        Eva Brown               0111000027918613
622063100277165537943        0000211030EMP8380        Karen White             0063100275697869
622111000025365142058        0000448383EMP7811        Grace Taylor            0111000025832040
627122105155389835550        0000250000SUSP262        Ivy Thomas              0122105157316048
622063100277984739055        0000149839EMP8829        David Wilson            0063100272414433
627021000021515044875        0001000000SUSP264        Henry Anderson          0021000026547506
632063100277130460627        0000266753EMP4467        Mary Garcia             0063100270344488
632122105155799664204        0000448888EMP6624        Alice Johnson           0122105159904059
627735962404585541095        0000443550FRAUD267       Henry Anderson          0735962402542057
627121000248779678260        0007815283ANOM268        Karen White             0121000242463666
632122105155514129265        0000084287EMP3768        Carol Davis             0122105152430853
622026009593320778337        0000367270EMP5573        Henry Anderson          0026009597956116
627009592679654339954        0000121114FRAUD271       Nathan Lee              0009592678117470
632122105155502438834        0000102231EMP1967        Eva Brown               0122105151422831
632021000021512728493        0000213553EMP1484        Bob Smith               0021000025001245
627121000248929841652        0000250000SUSP274        Alice Johnson           0121000240153207
627111000025243053486        0007437012ANOM275        Carol Davis             0111000028335360
632044000037790303451        0000148923EMP5174        Grace Taylor            0044000039663431
632026009593211706384        0000204056EMP4304        Grace Taylor            0026009596862432
627031201467582883936        0006332767ANOM278        Mary Garcia             0031201464331888
632031201467318553383        0000391534EMP1671        Mary Garcia             0031201462505262
632111000025925783766        0000333125EMP2286        Frank Miller            0111000021011137
622021000021410827714        0000212818EMP7998        Jack Jackson            0021000029441717
627763245921265756950        0000454085FRAUD282       Frank Miller            0763245925890246
632031201467375958161        0000081669EMP6362        Nathan Lee              0031201464170386
627021000021188005863        0005638809ANOM284        Nathan Lee              0021000026312877
632063100277656806784        0000491740EMP1189        Nathan Lee              0063100271527804
622121000248932692735        0000113378EMP4663        Olivia Martinez         0121000248025724
632021000021334859000        0000208751EMP5753        Olivia Martinez         0021000020807792
627031201467609422326        0005514339ANOM288        Jack Jackson            0031201467532863
622121000248995853279        0000125205EMP3654        Mary Garcia             0121000242075877
627121000248667993686        0009086760ANOM290        Larry Martinez          0121000242247066
632121000248104903412        0000323379EMP1407        Mary Garcia             0121000246182467
622121000248532530300        0000497786EMP4136        Frank Miller            0121000245911336
622021000021602589815        0000322253EMP4435        Frank Miller            0021000025325708
632063100277746954782        0000396097EMP4910        David Wilson            0063100279614717
632122105155255584842        0000482044EMP8962        Eva Brown               0122105151957108
622111000025336824990        0000201858EMP1144        David Wilson            0111000026725963
627111000025803607502        0000050000SUSP297        Larry Martinez          0111000026908362
627011137004340870245        0000122039FRAUD298       Grace Taylor            0011137004104696
627130120307762638040        0000245234FRAUD299       Henry Anderson          0130120308000996
622026009593223272701        0000129962EMP3026        Jack Jackson            0026009599118273
622111000025515561986        0000406309EMP3417        Nathan Lee              0111000022218542
622021000021176159331        0000318004EMP8943        Nathan Lee              0021000025883497
632026009593546994666        0000161357EMP7463        Bob Smith               0026009593563572
627026009593647970880        0001000000SUSP304        Alice Johnson           0026009591978167
632122105155324194323        0000318901EMP5482        Henry Anderson          0122105154024479
622122105155942211858        0000470762EMP4940        Jack Jackson            0122105150676701
622111000025388193438        0000320419EMP6632        Carol Davis             0111000026887900
622121000248696362601        0000057124EMP7545        Bob Smith               0121000248914863
632044000037949922680        0000498242EMP8731        Larry Martinez          0044000039498282
622121000248890788428        0000199572EMP2311        Jack Jackson            0121000245748791
627109883192945334884        0000301110FRAUD311       Larry Martinez          0109883193945676
632031201467431264551        0000372979EMP8229        Eva Brown               0031201464250877
627264316140407159293        0000389183FRAUD313       Eva Brown               0264316140004295
622063100277310642115        0000356692EMP3918        Jack Jackson            0063100273461392
622044000037379925031        0000374045EMP5036        Grace Taylor            0044000033181833
627063100277520672276        0009417149ANOM316        Grace Taylor            0063100275758456
622121000248901214253        0000076498EMP2160        Alice Johnson           0121000247499118
622121000248992645263        0000180277EMP2518        Grace Taylor            0121000243684464
622121000248765432444        0000333452EMP1907        Ivy Thomas              0121000240022849
632044000037367956254        0000076903EMP8017        Carol Davis             0044000031078531
627063100277123372198        0009700430ANOM321        Olivia Martinez         0063100273946283
627026009593213227974        0008382102ANOM322        Carol Davis             0026009598348562
622021000021164867176        0000392200EMP4675        Grace Taylor            0021000025503816
632026009593515986696        0000094799EMP5290        Larry Martinez          0026009590909791
632111000025184825102        0000120529EMP9775        David Wilson            0111000022109746
632031201467285579968        0000480170EMP4988        Grace Taylor            0031201460625527
622044000037824803988        0000290492EMP8389        Jack Jackson            0044000038917834
622031201467676586093        0000444293EMP7530        Alice Johnson           0031201467798287
627021000021645042635        0007753949ANOM329        Olivia Martinez         0021000024248654
627121000248300971030        0006139030ANOM330        Olivia Martinez         0121000240089409
627121000248393331885        0005253602ANOM331        Nathan Lee              0121000249844926
627031201467895313602        0007933772ANOM332        David Wilson            0031201467009203
632031201467434188844        0000481884EMP5515        Henry Anderson          0031201465632833
632121000248180224117        0000191187EMP2916        Carol Davis             0121000248581748
622111000025506691804        0000288974EMP4547        Ivy Thomas              0111000029278927
622111000025808835689        0000378427EMP3823        Carol Davis             0111000025839448
622111000025919147112        0000349369EMP8993        Grace Taylor            0111000024109289
632021000021165383448        0000499804EMP3865        Larry Martinez          0021000027147487
627026009593742286248        0006885612ANOM339        Larry Martinez          0026009595707011
622063100277861433736        0000446520EMP8033        Jack Jackson            0063100279221197
632021000021634223783        0000082618EMP9183        David Wilson            0021000026828395
632026009593197580993        0000358804EMP1970        Karen White             0026009593801655
627063100277219272520        0007089358ANOM343        Carol Davis             0063100278543685
632044000037775942008        0000328266EMP6646        Ivy Thomas              0044000035733360
632121000248454725319        0000149998EMP5065        Ivy Thomas              0121000247533282
627044000037208388528        0000050000SUSP346        Carol Davis             0044000033751291
622044000037379768135        0000285334EMP2296        Henry Anderson          0044000037652029
632121000248521088972        0000059916EMP1886        Frank Miller            0121000249867755
627121000248279805995        0001000000SUSP349        David Wilson            0121000248309566
622031201467385516309        0000419694EMP4452        Eva Brown               0031201467007138
622063100277717219343        0000216784EMP1660        Henry Anderson          0063100273377315
632044000037171839357        0000054859EMP7304        Bob Smith               0044000037820415
622044000037869085860        0000083176EMP3269        Bob Smith               0044000032712851
622122105155265967696        0000199972EMP4039        Bob Smith               0122105152922139
627021000021812448050        0000100000SUSP355        Carol Davis             0021000023386962
632122105155209632129        0000058049EMP2058        Jack Jackson            0122105154242410
622031201467891130529        0000124008EMP9181        Henry Anderson          0031201463882943
632031201467495458494        0000067007EMP6273        Jack Jackson            0031201467961793
627121000248999853319        0008159655ANOM359        Alice Johnson           0121000241325245
627211815514170490452        0000338629FRAUD360       Mary Garcia             0211815510392855
622021000021175393727        0000458789EMP2396        Eva Brown               0021000029832912
632063100277545103698        0000327855EMP1806        Larry Martinez          0063100274395247
622021000021929223691        0000251244EMP4731        Henry Anderson          0021000025341515
627111000025584663338        0005462127ANOM364        Olivia Martinez         0111000026237439
622044000037961778468        0000334377EMP3059        David Wilson            0044000039404283
627845955329989188306        0000360954FRAUD366       Eva Brown               0845955323982908
622121000248103603910        0000110614EMP5642        Jack Jackson            0121000246259253
622111000025657697092        0000189082EMP6902        Eva Brown               0111000020716291
632121000248753935868        0000144749EMP7981        Grace Taylor            0121000242007664
622121000248783859000        0000147041EMP1246        David Wilson            0121000244752813
622111000025978387874        0000227795EMP8814        Alice Johnson           0111000029236644
622063100277494487225        0000175640EMP2970        Nathan Lee              0063100274578801
632063100277277307821        0000052991EMP6240        Nathan Lee              0063100274979410
627044000037952966210        0007948825ANOM374        David Wilson            0044000032002639
632111000025253953979        0000130863EMP8180        Grace Taylor            0111000021718881
632031201467879365652        0000437634EMP2363        Karen White             0031201467876303
632031201467584663600        0000248738EMP4674        Larry Martinez          0031201465368597
622063100277545317509        0000210827EMP5625        Mary Garcia             0063100273742232
622026009593335250914        0000179210EMP1835        Olivia Martinez         0026009597164999
622026009593222477049        0000424996EMP5370        Henry Anderson          0026009590866940
632026009593733310744        0000388470EMP3820        Grace Taylor            0026009599905929
627589241760170372924        0000313614FRAUD382       Mary Garcia             0589241761167275
627044000037240038284        0000050000SUSP383        Karen White             0044000034020503
627031201467528497855        0000500000SUSP384        Nathan Lee              0031201465841026
632026009593602394891        0000205407EMP2323        Karen White             0026009597800882
622026009593477531317        0000276617EMP8493        Jack Jackson            0026009593711033
622026009593536950506        0000233361EMP9152        Henry Anderson          0026009597421131
627026009593808459304        0001000000SUSP388        Carol Davis             0026009597287610
622111000025835508026        0000470791EMP6908        Frank Miller            0111000022307864
622121000248944491311        0000398255EMP8412        David Wilson            0121000247383202
622122105155830797267        0000363911EMP4034        Frank Miller            0122105157659459
622122105155886485447        0000365645EMP9271        Alice Johnson           0122105155194168
632121000248418088495        0000088564EMP2913        Nathan Lee              0121000243970709
632026009593737639384        0000199822EMP1239        Karen White             0026009597862857
622111000025291011483        0000240472EMP1825        Alice Johnson           0111000022318038
622122105155965542940        0000255177EMP3402        Henry Anderson          0122105156610976
627272809901783235658        0000310936FRAUD397       Henry Anderson          0272809904666410
622121000248815747812        0000333764EMP5419        Jack Jackson            0121000243232456
632122105155425646574        0000334428EMP4300        Eva Brown               0122105150658717
627635242942873833857        0000429712FRAUD400       Carol Davis             0635242948975660
632121000248885351192        0000145883EMP5684        Mary Garcia             0121000244341450
622121000248158366783        0000066529EMP9126        Karen White             0121000242521033
632026009593713445419        0000064533EMP3754        Frank Miller            0026009593192253
622031201467812797806        0000285257EMP9674        Bob Smith               0031201466004729
622026009593451825985        0000310559EMP9409        Olivia Martinez         0026009598206386
622122105155665552549        0000368044EMP2177        Olivia Martinez         0122105152525323
622122105155838566560        0000439693EMP6979        Henry Anderson          0122105159928324
622026009593474976577        0000387705EMP1855        Henry Anderson          0026009591834365
632021000021682079951        0000420131EMP9258        Grace Taylor            0021000025840854
622031201467128884248        0000133694EMP7431        David Wilson            0031201466702370
622122105155387730515        0000484713EMP3711        Olivia Martinez         0122105153937190
622044000037249322056        0000401422EMP7230        Olivia Martinez         0044000038099532
632031201467106308858        0000090357EMP2068        David Wilson            0031201466322331
622021000021293775988        0000275814EMP3974        David Wilson            0021000022605707
627021000021503273583        0001000000SUSP415        Mary Garcia             0021000023602502
632111000025614113434        0000269842EMP4238        Larry Martinez          0111000021597485
622063100277716034443        0000475957EMP3046        Jack Jackson            0063100274571178
627107455391805798448        0000497158FRAUD418       Henry Anderson          0107455396447712
627111000025870447170        0000250000SUSP419        David Wilson            0111000021865843
622111000025599646076        0000244690EMP2222        Ivy Thomas              0111000022683015
632111000025579784256        0000260252EMP1327        Alice Johnson           0111000025824799
632044000037404937821        0000075131EMP4941        Henry Anderson          0044000038480332
622044000037196404013        0000348156EMP5950        Karen White             0044000039834912
627122105155927478265        0000250000SUSP424        Karen White             0122105153539871
632031201467391079238        0000171853EMP4374        Bob Smith               0031201463448865
632031201467779928105        0000417932EMP2234        Eva Brown               0031201461662832
622121000248468375246        0000456351EMP3000        Bob Smith               0121000241265060
627111000025890694869        0000250000SUSP428        Frank Miller            0111000028263855
622044000037841452869        0000424800EMP2987        Grace Taylor            0044000035430994
627111000025109600648        0001000000SUSP430        Larry Martinez          0111000026431469
627021000021758747778        0009783690ANOM431        Mary Garcia             0021000026914318
632122105155625990414        0000183140EMP7514        Carol Davis             0122105158642736
632111000025748040336        0000297683EMP8685        Nathan Lee              0111000021517830
632026009593188356066        0000404619EMP8074        Karen White             0026009593122933
622122105155179081814        0000095775EMP4757        David Wilson            0122105153543170
627031201467597910489        0000050000SUSP436        Bob Smith               0031201460708628
622111000025389235913        0000283675EMP9123        Frank Miller            0111000028970082
632044000037528775681        0000144610EMP2942        Carol Davis             0044000033294426
627111000025234446087        0005749776ANOM439        Larry Martinez          0111000025312922
632063100277646139564        0000368110EMP2201        Nathan Lee              0063100276932154
632021000021574141785        0000339053EMP2658        Grace Taylor            0021000023496704
627111000025674922972        0005951623ANOM442        Henry Anderson          0111000028976117
627111000025148168051        0000500000SUSP443        Grace Taylor            0111000022377083
622122105155819499780        0000416957EMP5836        David Wilson            0122105152240558
622063100277435377399        0000050775EMP1560        Bob Smith               0063100270650471
632021000021657966764        0000227975EMP6238        Nathan Lee              0021000021513577
632031201467122769147        0000101222EMP1534        Nathan Lee              0031201469007601
622122105155108673370        0000187969EMP7324        Alice Johnson           0122105150171825
632026009593272814932        0000493622EMP4111        David Wilson            0026009592096226
622121000248463793724        0000209904EMP1728        Bob Smith               0121000249334487
622111000025370745689        0000093838EMP4746        Grace Taylor            0111000025198728
622026009593397112436        0000135827EMP3861        Jack Jackson            0026009594086126
632021000021948543572        0000074567EMP5489        Bob Smith               0021000022135017
622063100277533475421        0000193763EMP9482        Jack Jackson            0063100275925775
622031201467830235128        0000312551EMP5488        Jack Jackson            0031201469832017
622111000025684237038        0000085893EMP6809        Alice Johnson           0111000022308418
622026009593223744887        0000291492EMP2660        Bob Smith               0026009599169809
622121000248908903086        0000193075EMP1990        Alice Johnson           0121000245511773
632021000021649279450        0000403614EMP5364        Ivy Thomas              0021000025339678
622063100277751015820        0000414816EMP7968        Frank Miller            0063100274128098
622122105155799810716        0000303094EMP2041        Grace Taylor            0122105158656793
632044000037817041598        0000407544EMP1930        Karen White             0044000039495479
622044000037172643933        0000142680EMP3189        Ivy Thomas              0044000033965137
622122105155762236578        0000421542EMP5628        Jack Jackson            0122105155958228
622031201467220923633        0000452699EMP9608        Grace Taylor            0031201465822757
627699349873966122276        0000373725FRAUD466       Olivia Martinez         0699349871536240
622111000025576137501        0000254261EMP4622        Ivy Thomas              0111000021933242
622111000025107054263        0000246142EMP1084        Alice Johnson           0111000022117413
622026009593609228296        0000301943EMP9417        David Wilson            0026009592654855
632031201467811370865        0000486233EMP2367        Alice Johnson           0031201462408143
632021000021840918849        0000484327EMP4079        Olivia Martinez         0021000025329406
627021000021713368346        0000250000SUSP472        Mary Garcia             0021000022243877
632122105155154780158        0000433419EMP2220        Jack Jackson            0122105151363741
632021000021816110114        0000066027EMP1425        Bob Smith               0021000025375881
627021000021778387220        0000250000SUSP475        Karen White             0021000020143117
627507153176953237544        0000213522FRAUD476       Mary Garcia             0507153179781967
622063100277471238314        0000166017EMP4758        Bob Smith               0063100275178719
622063100277235191141        0000328002EMP2314        Frank Miller            0063100276764543
632121000248622387844        0000162913EMP3908        Alice Johnson           0121000241355402
622026009593284813136        0000385240EMP4809        Nathan Lee              0026009596082317
632021000021474386141        0000241454EMP8494        Grace Taylor            0021000025001530
632111000025663969529        0000493247EMP1705        Alice Johnson           0111000021480535
622031201467900696713        0000232990EMP2337        Bob Smith               0031201462224628
627357223803384574267        0000170063FRAUD484       Henry Anderson          0357223800655087
622122105155211601622        0000270574EMP9739        Grace Taylor            0122105151005829
622026009593211072335        0000120891EMP2570        Grace Taylor            0026009594254224
622122105155520664849        0000050863EMP8033        Nathan Lee              0122105156006729
632122105155128538076        0000399168EMP9322        Frank Miller            0122105150741223
632121000248487492456        0000114198EMP6478        Alice Johnson           0121000249254910
632021000021678344005        0000433358EMP1050        Henry Anderson          0021000024542500
622026009593763204112        0000196968EMP9780        Bob Smith               0026009598844081
632111000025692698702        0000110791EMP6546        Nathan Lee              0111000027607406
627649338005518956107        0000332952FRAUD493       Olivia Martinez         0649338001689495
622044000037922658519        0000068509EMP1518        David Wilson            0044000039867307
622031201467544214521        0000301593EMP7799        Jack Jackson            0031201462765128
622021000021997682380        0000352088EMP9569        Carol Davis             0021000026265735
622021000021352673512        0000084076EMP3763        Mary Garcia             0021000029386599
632044000037284338063        0000463913EMP1319        Grace Taylor            0044000035927231
632122105155365123948        0000318248EMP2028        Mary Garcia             0122105156608425
820000050045826717330002707049790001070530881234567890                         123456780000001
9000001000051000005004582671733000270704979000107053088                                       
9999999999999999999999999999999999999999999999999999999999999999999999999999999999999999999999
9999999999999999999999999999999999999999999999999999999999999999999999999999999999999999999999
9999999999999999999999999999999999999999999999999999999999999999999999999999999999999999999999
9999999999999999999999999999999999999999999999999999999999999999999999999999999999999999999999
9999999999999999999999999999999999999999999999999999999999999999999999999999999999999999999999
9999999999999999999999999999999999999999999999999999999999999999999999999999999999999999999999