101009100001900910000192510121157A094101RECEIVING BANK         ORIGINATING BANK               
5200ACME CORP                           1234567890PPDPAYROLL         251013   1123456780000001
632021000021578834735        0000188375EMP2209        Bob Smith               0021000022844283
627044000037496549665        0005595688ANOM1          Nathan Lee              0044000039260642
622021000021308098882        0000485181EMP9426        Carol Davis             0021000027783214
632031201467957400296        0000340343EMP4760        Olivia Martinez         0031201464946217
622044000037780368027        0000130322EMP1329        Ivy Thomas              0044000037692858
622031201467515408226        0000406385EMP2628        Bob Smith               0031201464924143
632044000037867600168        0000284561EMP7053        Mary Garcia             0044000030656036
627671070002242748374        0000223890FRAUD7         Mary Garcia             0671070000820328
627111000025874234337        0005663035ANOM8          Nathan Lee              0111000021698868
632044000037120089923        0000420697EMP7434        Karen White             0044000036487644
622031201467344689796        0000264058EMP5974        Karen White             0031201460216158
622121000248248623398        0000434422EMP3798        Nathan Lee              0121000246900677
632026009593957217836        0000215069EMP9435        Mary Garcia             0026009596082668
632121000248410843710        0000272760EMP1205        Henry Anderson          0121000246878582
622044000037706725588        0000379554EMP9263        Jack Jackson            0044000030256978
632044000037261665061        0000454576EMP2390        David Wilson            0044000032692891
632026009593341249870        0000472391EMP3301        Frank Miller            0026009592035169
632063100277946197395        0000114274EMP3196        Ivy Thomas              0063100272560065
632044000037308439625        0000119092EMP7587        Henry Anderson          0044000030798175
632026009593876891720        0000238165EMP8243        Olivia Martinez         0026009599696280
632044000037280088328        0000214061EMP6082        Jack Jackson            0044000034789126
632063100277398872006        0000083365EMP8178        Grace Taylor            0063100279768309
632031201467787532806        0000281448EMP9413        Bob Smith               0031201466150314
627000042121597614850        0000394776FRAUD23        Henry Anderson          0000042122595756
627021000021422156460        0009795510ANOM24         Carol Davis             0021000029388663
622026009593695272699        0000402851EMP4419        Grace Taylor            0026009594873577
622026009593970025881        0000496046EMP6165        Larry Martinez          0026009594714846
622031201467385302426        0000251915EMP9058        Alice Johnson           0031201465682795
622063100277315003115        0000319344EMP3032        Frank Miller            0063100272135261
632121000248698116260        0000494793EMP7723        Alice Johnson           0121000247969582
622021000021331600758        0000408053EMP1372        Ivy Thomas              0021000023458666
622121000248915813742        0000240090EMP6022        Olivia Martinez         0121000244838202
632122105155948169053        0000158513EMP4412        Henry Anderson          0122105153716353
622122105155996721087        0000368427EMP4678        Mary Garcia             0122105154102308
622111000025685954251        0000060886EMP2851        Nathan Lee              0111000028816618
632111000025153818741        0000372493EMP4948        Grace Taylor            0111000028775289
632026009593324939645        0000140955EMP9105        Jack Jackson            0026009596690593
632021000021528610790        0000319278EMP9450        Karen White             0021000026697062
632044000037316013224        0000482381EMP1008        Olivia Martinez         0044000030146217
622122105155535249629        0000098635EMP7128        Karen White             0122105157375662
622122105155989812960        0000351799EMP5844        Nathan Lee              0122105154887163
622026009593580306011        0000212836EMP4949        Eva Brown               0026009594239738
622111000025803567926        0000069083EMP3584        Ivy Thomas              0111000021328085
622026009593138607782        0000052334EMP9168        Frank Miller            0026009596790322
632063100277872795396        0000111900EMP3439        Alice Johnson           0063100275531952
622111000025513604791        0000246684EMP8135        Carol Davis             0111000026451752
622044000037208191933        0000412223EMP9303        Nathan Lee              0044000039486184
632122105155978954945        0000398638EMP7912        Jack Jackson            0122105154969717
632031201467986777336        0000209340EMP4397        Henry Anderson          0031201465836827
632111000025868433881        0000421394EMP6975        David Wilson            0111000026203898
820000005003624325910000216728990000128999901234567890                         123456780000001
9000001000006000000500362432591000021672899000012899990                                       
9999999999999999999999999999999999999999999999999999999999999999999999999999999999999999999999
9999999999999999999999999999999999999999999999999999999999999999999999999999999999999999999999
9999999999999999999999999999999999999999999999999999999999999999999999999999999999999999999999
9999999999999999999999999999999999999999999999999999999999999999999999999999999999999999999999
9999999999999999999999999999999999999999999999999999999999999999999999999999999999999999999999
9999999999999999999999999999999999999999999999999999999999999999999999999999999999999999999999