101009100001900910000192510121604A094101RECEIVING BANK         ORIGINATING BANK               
5200UMBRELLA CO                         1234567890PPDPAYROLL         251013   1123456780000001
622044000037285085553        0000288168EMP6848        Carol Davis             0044000030517842
627121000248864700965        0008985437ANOM1          Eva Brown               0121000246405748
632121000248773091185        0000367763EMP8236        Alice Johnson           0121000241950739
632021000021437833447        0000134060EMP4213        Larry Martinez          0021000020616636
632111000025545678151        0000125826EMP3744        Jack Jackson            0111000020730448
627542578429472885452        0000243644FRAUD5         Henry Anderson          0542578423561729
632044000037108899726        0000474728EMP6666        Nathan Lee              0044000033555712
632111000025385641708        0000083494EMP7140        Frank Miller            0111000028881827
622031201467132877556        0000103985EMP8908        Olivia Martinez         0031201464730105
632026009593833414245        0000179200EMP9214        Alice Johnson           0026009590799565
622031201467809494541        0000167998EMP4796        Bob Smith               0031201467782197
632031201467770110179        0000426626EMP9439        Ivy Thomas              0031201468214215
632121000248764437002        0000259997EMP8984        Henry Anderson          0121000241780482
627021000021642409155        0006426458ANOM13         Henry Anderson          0021000028973698
622026009593763948904        0000190543EMP4058        Jack Jackson            0026009592361340
632111000025231362319        0000317765EMP7472        Alice Johnson           0111000020268317
622021000021692434080        0000337976EMP5303        Grace Taylor            0021000021648834
622026009593966992643        0000170814EMP6478        Bob Smith               0026009591203933
622031201467830771945        0000474961EMP2287        Carol Davis             0031201463911599
632044000037304705104        0000312115EMP8626        Grace Taylor            0044000039836746
632122105155684807279        0000337696EMP1463        Nathan Lee              0122105157169386
632111000025230566198        0000189335EMP3323        Karen White             0111000027676485
622122105155563199981        0000109747EMP4496        Nathan Lee              0122105154867457
632031201467685004799        0000214243EMP9255        Eva Brown               0031201468165762
632111000025426165879        0000459930EMP7643        Larry Martinez          0111000027778875
632122105155990845070        0000170620EMP1301        Jack Jackson            0122105155215121
622026009593226570132        0000358882EMP3645        Karen White             0026009593324620
632031201467448283580        0000110508EMP1991        Eva Brown               0031201466199242
622111000025931912957        0000405814EMP6921        Olivia Martinez         0111000025402901
632031201467667421747        0000265792EMP1224        Bob Smith               0031201460150088
622026009593540344088        0000283677EMP7011        Frank Miller            0026009591339837
627044000037630170727        0006112185ANOM31         Mary Garcia             0044000035356220
627021000021340544216        0008905882ANOM32         Karen White             0021000026332476
632111000025735229065        0000393196EMP3191        Frank Miller            0111000029576005
632044000037994327214        0000484863EMP7532        Karen White             0044000033005410
632031201467223182899        0000381480EMP6248        Eva Brown               0031201463711410
632122105155531424534        0000198023EMP7913        Bob Smith               0122105159280176
632021000021512511338        0000380964EMP3232        Alice Johnson           0021000026508140
632026009593648665297        0000345972EMP1546        Grace Taylor            0026009595685429
627031201467939046466        0009847057ANOM39         Eva Brown               0031201468029829
632122105155400045551        0000272500EMP5120        Grace Taylor            0122105156929067
622063100277169101681        0000342942EMP3912        Bob Smith               0063100272489738
622122105155699666765        0000221763EMP5985        Alice Johnson           0122105153460763
632026009593151088434        0000393787EMP4029        Mary Garcia             0026009591650407
627430415708438365414        0000303038FRAUD44        Henry Anderson          0430415703548377
622121000248670683296        0000492305EMP6340        Frank Miller            0121000245484866
627026009593979084839        0000100000SUSP46         Ivy Thomas              0026009590439270
632021000021153343918        0000268067EMP2512        Olivia Martinez         0021000021737321
622111000025758852940        0000074255EMP1366        Eva Brown               0111000025610012
632044000037280996459        0000253467EMP7638        Henry Anderson          0044000036611437
622021000021305618228        0000416370EMP1898        Jack Jackson            0021000027678076
622031201467338725953        0000172097EMP6562        Olivia Martinez         0031201460619856
632044000037354989589        0000494725EMP8424        Jack Jackson            0044000032753232
622044000037420841077        0000200535EMP8363        Henry Anderson          0044000034637360
632044000037814968744        0000135483EMP5136        Mary Garcia             0044000032346604
627122105155278853891        0000500000SUSP55         Olivia Martinez         0122105153955049
632044000037212936677        0000488125EMP5373        Eva Brown               0044000038838360
622021000021473517802        0000398428EMP8139        Henry Anderson          0021000025987997
627122105155446789087        0000500000SUSP58         Alice Johnson           0122105151892414
622021000021386369311        0000173076EMP3756        Bob Smith               0021000022967433
632111000025111734855        0000174049EMP5142        Olivia Martinez         0111000027244780
622044000037144573581        0000442715EMP7337        Mary Garcia             0044000035501107
632111000025564229961        0000221764EMP6493        Jack Jackson            0111000023024301
622021000021893558177        0000104913EMP5511        Frank Miller            0021000024250682
627860607743375863931        0000181421FRAUD64        Karen White             0860607748222093
622026009593881653318        0000257863EMP3818        Ivy Thomas              0026009593893138
622044000037997447646        0000450395EMP5100        Eva Brown               0044000038167544
632026009593436492357        0000438954EMP8538        Nathan Lee              0026009592653669
622031201467796941793        0000232909EMP1896        Olivia Martinez         0031201468813966
622021000021248303765        0000247845EMP6518        Ivy Thomas              0021000028712644
627026009593108653882        0001000000SUSP70         Henry Anderson          0026009599459947
632044000037349645963        0000228689EMP1735        Grace Taylor            0044000034457463
632121000248860810503        0000490815EMP2549        Larry Martinez          0121000249263979
622021000021383158660        0000248546EMP1489        Eva Brown               0021000024790676
627021000021216782034        0009918030ANOM74         David Wilson            0021000027444247
632044000037396528957        0000294528EMP1486        Jack Jackson            0044000033612372
632031201467899302501        0000381791EMP4286        Olivia Martinez         0031201461190318
627026009593712059704        0001000000SUSP77         Mary Garcia             0026009593392082
632026009593588014347        0000102318EMP8357        Larry Martinez          0026009595720239
622026009593457569503        0000096528EMP6511        Henry Anderson          0026009593168682
632111000025134069316        0000449653EMP9360        Carol Davis             0111000023034339
632111000025709740626        0000124294EMP3512        Karen White             0111000020394854
632044000037840647312        0000488117EMP7490        Carol Davis             0044000033861870
622044000037256033639        0000485774EMP5508        Ivy Thomas              0044000039695726
632031201467498760083        0000341322EMP4840        Alice Johnson           0031201462352694
622026009593521308204        0000488817EMP6578        Jack Jackson            0026009592237198
627122105155627769622        0007261055ANOM86         Mary Garcia             0122105150954942
622021000021997349652        0000189289EMP7347        Carol Davis             0021000027613880
622026009593753598875        0000379802EMP2865        Bob Smith               0026009594624834
632122105155978907576        0000188313EMP9684        Bob Smith               0122105154402506
632026009593586274077        0000451154EMP4687        Grace Taylor            0026009590922642
632031201467201772993        0000353033EMP5609        Bob Smith               0031201464502769
622122105155415606110        0000456092EMP6497        Mary Garcia             0122105153560118
622031201467141522355        0000236367EMP4716        Olivia Martinez         0031201464838163
632021000021704993679        0000249149EMP3900        Carol Davis             0021000025215594
622031201467398790719        0000368428EMP8861        Frank Miller            0031201460007174
632031201467483620552        0000124695EMP5991        Carol Davis             0031201469007678
632026009593710485514        0000421930EMP7365        Alice Johnson           0026009599175661
622122105155783526317        0000445779EMP6014        Jack Jackson            0122105151956052
632044000037378484824        0000076798EMP8159        Jack Jackson            0044000039007618
820000010007360563620000612842070000250381141234567890                         123456780000001
9000001000011000001000736056362000061284207000025038114                                       
9999999999999999999999999999999999999999999999999999999999999999999999999999999999999999999999
9999999999999999999999999999999999999999999999999999999999999999999999999999999999999999999999
9999999999999999999999999999999999999999999999999999999999999999999999999999999999999999999999
9999999999999999999999999999999999999999999999999999999999999999999999999999999999999999999999
9999999999999999999999999999999999999999999999999999999999999999999999999999999999999999999999
9999999999999999999999999999999999999999999999999999999999999999999999999999999999999999999999