101009100001900910000192510121615A094101RECEIVING BANK         ORIGINATING BANK               
5200INITECH LLC                         1234567890PPDPAYROLL         251013   1123456780000001
622044000037221751944        0000226433EMP6639        Karen White             0044000039094263
622021000021856298169        0000492671EMP2438        Eva Brown               0021000029831772
622111000025431338286        0000126111EMP1934        Bob Smith               0111000021524964
632111000025999835453        0000193324EMP1311        Larry Martinez          0111000023718423
632021000021973962245        0000063892EMP2264        Bob Smith               0021000021124978
622044000037990545149        0000488289EMP4011        Ivy Thomas              0044000030390545
632044000037615696220        0000064843EMP4668        Bob Smith               0044000034350792
632021000021500761459        0000188201EMP8233        Eva Brown               0021000024333972
632121000248763987378        0000330194EMP1096        Larry Martinez          0121000242594122
622063100277787681808        0000370894EMP6398        Jack Jackson            0063100278723976
632122105155397689195        0000385996EMP7370        Olivia Martinez         0122105151402594
627121000248608766319        0009645426ANOM11         Karen White             0121000242735409
632111000025982906278        0000183568EMP2860        Jack Jackson            0111000026625933
627044000037794655902        0000050000SUSP13         Carol Davis             0044000031259666
622021000021191760851        0000251285EMP7648        Carol Davis             0021000025252774
622063100277476671136        0000131444EMP5468        Eva Brown               0063100279975198
627031201467215370844        0005506854ANOM16         Henry Anderson          0031201465874080
622111000025784243598        0000073695EMP8779        Henry Anderson          0111000020816628
627063100277671740123        0000250000SUSP18         Jack Jackson            0063100273248017
632021000021747379474        0000487373EMP3583        Mary Garcia             0021000026192734
622044000037205988816        0000449320EMP7909        David Wilson            0044000033711952
622111000025176158874        0000277379EMP5763        Mary Garcia             0111000020043051
622031201467571812392        0000131393EMP7506        Larry Martinez          0031201465188623
622031201467676668539        0000137737EMP1441        Grace Taylor            0031201460108002
632044000037377603022        0000270571EMP3845        Eva Brown               0044000031604126
627031201467355062672        0000050000SUSP25         Bob Smith               0031201467232484
622021000021360236878        0000148855EMP4415        Bob Smith               0021000021242897
632122105155582450589        0000428664EMP2090        Bob Smith               0122105153434165
622044000037500663345        0000470993EMP6431        Henry Anderson          0044000037990382
627031201467843265125        0007441960ANOM29         Olivia Martinez         0031201461037545
622021000021394874378        0000371253EMP8011        Alice Johnson           0021000025492099
627021000021850762013        0007546526ANOM31         Henry Anderson          0021000022595168
622031201467152487698        0000477068EMP9836        Nathan Lee              0031201460694032
632122105155307245900        0000093316EMP9435        Henry Anderson          0122105156015216
632111000025377027454        0000405791EMP4978        Alice Johnson           0111000025307029
627816394946454067023        0000403405FRAUD35        Jack Jackson            0816394949429502
632122105155483442943        0000226498EMP5864        David Wilson            0122105159449609
622122105155123116664        0000080533EMP6729        David Wilson            0122105158057679
622111000025774514260        0000186422EMP1910        Alice Johnson           0111000027874256
632021000021324198550        0000350906EMP3169        Mary Garcia             0021000024258106
622021000021660988016        0000265362EMP4934        David Wilson            0021000029817631
622111000025532527855        0000131876EMP1764        Alice Johnson           0111000023137409
632121000248171322810        0000445875EMP6446        Carol Davis             0121000245086215
622021000021158594297        0000360733EMP7034        Carol Davis             0021000022347464
632122105155243340491        0000248302EMP2685        Ivy Thomas              0122105156160299
632063100277745587313        0000212559EMP2729        Frank Miller            0063100279184509
627595234552531294114        0000414509FRAUD46        Alice Johnson           0595234558987889
632031201467746262283        0000180807EMP3663        Ivy Thomas              0031201468865736
632026009593820462387        0000164438EMP2097        Alice Johnson           0026009593742692
622111000025726481510        0000439523EMP8908        Olivia Martinez         0111000026556294
627063100277418729287        0007534641ANOM50         Jack Jackson            0063100274607451
632121000248619482455        0000199440EMP2564        Olivia Martinez         0121000248705052
622031201467912009696        0000297231EMP4011        Grace Taylor            0031201468062908
632111000025624174372        0000258209EMP5324        Bob Smith               0111000029127204
632044000037640555039        0000140198EMP2120        Eva Brown               0044000038848226
622121000248882546862        0000069290EMP3235        Larry Martinez          0121000244123693
627048937621737124754        0000234866FRAUD56        Alice Johnson           0048937627978259
632111000025127734981        0000084675EMP2296        Grace Taylor            0111000025871861
632031201467658942188        0000199491EMP6281        Eva Brown               0031201467373198
622063100277257997924        0000289467EMP5673        Bob Smith               0063100273012976
632026009593635590624        0000103192EMP9748        Carol Davis             0026009598175433
622111000025305504530        0000410418EMP4512        Henry Anderson          0111000021867346
627111000025208911329        0000050000SUSP62         Eva Brown               0111000027536200
627121000248578480556        0000500000SUSP63         Jack Jackson            0121000246780650
632063100277795288535        0000410128EMP9812        Ivy Thomas              0063100273948505
622121000248907762505        0000165482EMP2525        Karen White             0121000242730995
632031201467121508107        0000374356EMP4232        Grace Taylor            0031201463710651
632026009593141733284        0000209111EMP6680        Alice Johnson           0026009595301324
632111000025209917682        0000385822EMP4024        Frank Miller            0111000022636678
622122105155686852347        0000076211EMP5782        David Wilson            0122105154625184
627026009593412307675        0000100000SUSP70         Nathan Lee              0026009592190462
632111000025898492890        0000129813EMP7497        Nathan Lee              0111000024057345
632044000037602253090        0000198366EMP6603        Ivy Thomas              0044000039576034
622026009593390576469        0000474897EMP9837        Frank Miller            0026009594351211
627063100277148415789        0007516949ANOM74         Nathan Lee              0063100275294773
622063100277500589045        0000447767EMP7360        Henry Anderson          0063100277000361
622026009593368113611        0000345045EMP2218        David Wilson            0026009591011839
632026009593984643785        0000110720EMP1262        Eva Brown               0026009593005507
632026009593854805698        0000103609EMP4460        Karen White             0026009590543062
622122105155736654586        0000424488EMP2690        Larry Martinez          0122105158860596
627121000248817072029        0000250000SUSP80         Henry Anderson          0121000246821702
632121000248333622596        0000156630EMP8070        Larry Martinez          0121000245481928
632111000025338490265        0000258780EMP5621        Larry Martinez          0111000023499048
627123719337892816402        0000356423FRAUD83        Jack Jackson            0123719334997773
632063100277943443269        0000269344EMP8083        Ivy Thomas              0063100277099810
622111000025392070235        0000187519EMP9828        Nathan Lee              0111000028528495
622026009593766876067        0000397284EMP9900        Ivy Thomas              0026009592451947
632122105155134028502        0000406196EMP8442        Olivia Martinez         0122105158227792
622021000021106782315        0000253716EMP9234        Mary Garcia             0021000023318429
627021000021117462191        0001000000SUSP89         Alice Johnson           0021000029140548
627044000037874400570        0007163792ANOM90         Karen White             0044000032054472
627658866716673748184        0000398557FRAUD91        Carol Davis             0658866716270504
632111000025788091302        0000383221EMP4252        Olivia Martinez         0111000022537623
627706337313710020856        0000185358FRAUD93        Mary Garcia             0706337316293332
632026009593346204315        0000390113EMP2738        Eva Brown               0026009595844143
632122105155220494786        0000144314EMP6077        Nathan Lee              0122105156881784
632031201467986795287        0000420927EMP8770        Olivia Martinez         0031201463519265
622063100277852946200        0000058351EMP7353        Jack Jackson            0063100271798111
622121000248565640148        0000482378EMP5078        Grace Taylor            0121000246440467
622122105155275885756        0000379535EMP1951        Olivia Martinez         0122105157945565
622021000021660471447        0000376695EMP1156        Carol Davis             0021000026976889
632121000248714153665        0000420231EMP7399        Jack Jackson            0121000242837599
632122105155345754305        0000059672EMP9180        Nathan Lee              0122105154776679
627122105155663682818        0008954886ANOM103        Ivy Thomas              0122105153995816
622044000037430324915        0000403965EMP9882        Nathan Lee              0044000030809936
632122105155136285647        0000272791EMP9477        Larry Martinez          0122105156467363
632063100277189098788        0000084269EMP6040        Larry Martinez          0063100276831531
622121000248795224104        0000286637EMP8904        Eva Brown               0121000246273841
622026009593555533124        0000064613EMP2490        Karen White             0026009592108905
627044000037594539234        0006819952ANOM109        Ivy Thomas              0044000037441521
622044000037643231636        0000397818EMP4168        Alice Johnson           0044000039153870
622063100277602598034        0000050078EMP8819        Olivia Martinez         0063100278676808
632026009593578297411        0000241102EMP4839        Grace Taylor            0026009596332182
622122105155870610359        0000324212EMP1775        Jack Jackson            0122105159071918
622021000021425691944        0000377777EMP7468        Larry Martinez          0021000021768979
622111000025685579698        0000115095EMP9864        Karen White             0111000022382976
632121000248291995174        0000421425EMP6295        Carol Davis             0121000246034154
632063100277910975127        0000282627EMP9013        Ivy Thomas              0063100273105485
632121000248190475464        0000289222EMP6270        David Wilson            0121000245606201
627064703386970098655        0000499440FRAUD119       Eva Brown               0064703388366435
622021000021649505108        0000106804EMP3338        Mary Garcia             0021000029551334
622063100277853765772        0000382362EMP9516        Grace Taylor            0063100278715131
622031201467786096322        0000082753EMP8862        Larry Martinez          0031201464320793
622021000021852564535        0000410976EMP7789        Henry Anderson          0021000029036180
627044000037513374091        0000500000SUSP124        Alice Johnson           0044000034940466
627026009593824231452        0000050000SUSP125        Henry Anderson          0026009599123005
622122105155442135915        0000367115EMP8716        Olivia Martinez         0122105153460117
632111000025778970811        0000489868EMP3739        Olivia Martinez         0111000023987008
627063100277790251270        0000500000SUSP128        Alice Johnson           0063100273258209
632026009593620549614        0000497336EMP2729        Henry Anderson          0026009596035765
632122105155889220366        0000471261EMP6943        David Wilson            0122105150766638
632044000037611347822        0000136194EMP1451        David Wilson            0044000034017967
632122105155543224947        0000346393EMP6172        Olivia Martinez         0122105159991739
622122105155367702797        0000408594EMP7072        Jack Jackson            0122105157976089
622111000025697288157        0000163158EMP5143        Henry Anderson          0111000023532011
632063100277377246367        0000084343EMP6843        Nathan Lee              0063100277498734
632026009593215347055        0000104029EMP9422        Eva Brown               0026009591812687
632026009593879370259        0000089950EMP2751        Mary Garcia             0026009596281052
622063100277620144199        0000150051EMP4623        Ivy Thomas              0063100272442807
632063100277224469642        0000454117EMP5607        Karen White             0063100271329178
632031201467961656132        0000373589EMP8413        Olivia Martinez         0031201468477270
632122105155313689310        0000498500EMP9407        Alice Johnson           0122105152642589
627122105155540868429        0000050000SUSP142        Mary Garcia             0122105158465559
627063100277580070538        0005165224ANOM143        Larry Martinez          0063100272548625
632111000025120204324        0000078718EMP2506        David Wilson            0111000021454939
627122105155946133008        0007695757ANOM145        Mary Garcia             0122105153845120
627063100277852046309        0007595169ANOM146        Larry Martinez          0063100274618171
632021000021330978378        0000209067EMP7874        Bob Smith               0021000028294989
622063100277389935422        0000484209EMP1214        Carol Davis             0063100278610850
632031201467961939393        0000435464EMP2680        Bob Smith               0031201460646186
632111000025936465675        0000255266EMP5432        Carol Davis             0111000029184098
627026009593918237529        0007653139ANOM151        Nathan Lee              0026009595478997
622063100277852023428        0000197609EMP4981        Henry Anderson          0063100274915682
632044000037600976241        0000191134EMP9227        Karen White             0044000034464309
627242127114177360898        0000308546FRAUD154       David Wilson            0242127117032215
632044000037813383106        0000120975EMP8941        David Wilson            0044000039840180
627044000037961149558        0000500000SUSP156        Carol Davis             0044000031662509
632111000025373495490        0000422723EMP6931        Frank Miller            0111000020488796
627850218386974801386        0000286015FRAUD158       Bob Smith               0850218380916061
627044000037121776887        0007161449ANOM159        Larry Martinez          0044000038700107
622111000025207599392        0000472409EMP4658        Frank Miller            0111000024395845
622021000021240277517        0000470150EMP9442        Alice Johnson           0021000020353147
632026009593920124703        0000214556EMP7277        Nathan Lee              0026009596613855
622121000248474020710        0000451012EMP3020        Alice Johnson           0121000249258610
627026009593419583866        0008845203ANOM164        Jack Jackson            0026009594733945
622121000248589685939        0000415121EMP9870        Bob Smith               0121000247437964
627928771088713299581        0000363933FRAUD166       Henry Anderson          0928771082473653
622021000021175098194        0000496617EMP1087        Henry Anderson          0021000022938030
627122105155622366582        0007597754ANOM168        Alice Johnson           0122105152939543
622111000025722634968        0000345317EMP8735        Jack Jackson            0111000028336024
622026009593685572989        0000240302EMP7569        Larry Martinez          0026009598922868
622026009593941830814        0000476067EMP1832        Karen White             0026009597794006
622121000248372862430        0000250053EMP3157        Eva Brown               0121000246879473
632111000025681707512        0000329920EMP8084        Mary Garcia             0111000026427905
622026009593636439854        0000364633EMP7555        Alice Johnson           0026009598523723
632021000021575031668        0000486911EMP7613        Olivia Martinez         0021000029716601
632021000021679555612        0000414348EMP6339        Karen White             0021000029429654
632044000037977094737        0000378469EMP6966        Henry Anderson          0044000038646222
632122105155563607061        0000202333EMP4496        Jack Jackson            0122105159714920
632021000021473440543        0000394399EMP3761        Karen White             0021000022933770
632031201467875111309        0000328822EMP3472        Frank Miller            0031201461161276
632044000037879242053        0000151905EMP7730        Jack Jackson            0044000032543145
622063100277415762819        0000377694EMP3932        Karen White             0063100279754104
632021000021849536361        0000100964EMP3534        Larry Martinez          0021000024922681
632021000021221850268        0000349623EMP8530        David Wilson            0021000023301180
632121000248170041258        0000388564EMP5098        Frank Miller            0121000246543560
632063100277941446309        0000143311EMP3549        Jack Jackson            0063100273511763
632111000025170342776        0000141438EMP6886        Eva Brown               0111000027818586
622111000025389843622        0000327686EMP3006        Olivia Martinez         0111000028591354
622063100277742933790        0000380902EMP6412        Frank Miller            0063100278009923
622111000025809028605        0000462772EMP3043        Nathan Lee              0111000023607675
632021000021122386790        0000486994EMP1955        Carol Davis             0021000027142494
632063100277802536393        0000267994EMP6614        Frank Miller            0063100271310471
622111000025160390946        0000461276EMP1700        Nathan Lee              0111000029916584
632044000037278156201        0000078906EMP4774        David Wilson            0044000034780991
632031201467601828870        0000351097EMP3369        Olivia Martinez         0031201461395271
622021000021512307193        0000089510EMP9430        Jack Jackson            0021000026490728
622122105155259506114        0000218247EMP3060        Larry Martinez          0122105158511619
632122105155778540908        0000393701EMP8031        Bob Smith               0122105151802892
622121000248609398346        0000070584EMP6426        Grace Taylor            0121000244091843
627886222570112946635        0000402656FRAUD200       Jack Jackson            0886222570911683
622021000021794106204        0000384140EMP1183        Alice Johnson           0021000026203130
632122105155751553770        0000238481EMP8747        Nathan Lee              0122105152445795
627021000021878633971        0008182363ANOM203        Bob Smith               0021000028681362
622044000037842917850        0000408038EMP6190        Ivy Thomas              0044000032272332
622026009593984308280        0000321658EMP8549        Grace Taylor            0026009590596357
627026009593286216249        0005321835ANOM206        Henry Anderson          0026009595391994
627121000248500333663        0006223600ANOM207        David Wilson            0121000241883420
627672931258360273154        0000416095FRAUD208       Grace Taylor            0672931251639650
632021000021458054500        0000223441EMP4012        Frank Miller            0021000027145678
622044000037260935884        0000126991EMP6498        Henry Anderson          0044000035764069
627228999084181814252        0000302511FRAUD211       Frank Miller            0228999081724442
622111000025358110890        0000131326EMP5523        Ivy Thomas              0111000026117286
632111000025758787089        0000291912EMP5080        Nathan Lee              0111000020135235
627026009593639916137        0000100000SUSP214        Grace Taylor            0026009591506189
622063100277951946436        0000129935EMP9796        Frank Miller            0063100274189494
632026009593488085332        0000380891EMP9377        Olivia Martinez         0026009594606872
632026009593429780800        0000133075EMP1573        Larry Martinez          0026009594426749
622063100277162014336        0000067213EMP8252        Ivy Thomas              0063100274987614
632026009593710836476        0000451056EMP4510        Larry Martinez          0026009599112644
622122105155703720042        0000151371EMP8426        Alice Johnson           0122105158973271
622031201467934609577        0000458140EMP9235        David Wilson            0031201468843158
632063100277308069341        0000108460EMP2988        Frank Miller            0063100274753937
632111000025269733683        0000070634EMP6993        Eva Brown               0111000020454560
622021000021266577591        0000325341EMP9069        Henry Anderson          0021000024861883
627940223410777234622        0000370714FRAUD225       Alice Johnson           0940223411272551
632026009593447127140        0000450928EMP4520        Carol Davis             0026009590321201
622122105155310026958        0000441778EMP9272        Henry Anderson          0122105156043543
632044000037292722496        0000149115EMP1862        Ivy Thomas              0044000035122043
622122105155802236577        0000074679EMP1257        David Wilson            0122105158311876
622063100277381873344        0000395004EMP6522        Nathan Lee              0063100275256348
622121000248412268128        0000205175EMP9849        Mary Garcia             0121000247049183
627860136352122637308        0000193121FRAUD232       Mary Garcia             0860136353049148
632111000025511565795        0000230639EMP8802        Ivy Thomas              0111000028428774
622111000025504299360        0000221391EMP5165        Karen White             0111000027558671
627026009593589584176        0009846068ANOM235        Alice Johnson           0026009595609558
632026009593901400525        0000495895EMP3186        Henry Anderson          0026009590643998
622121000248158846782        0000150311EMP7632        Bob Smith               0121000249557854
622121000248705428763        0000148183EMP6822        Frank Miller            0121000247863231
622063100277323037663        0000461524EMP8246        Mary Garcia             0063100270517222
632026009593716790385        0000441167EMP3541        Olivia Martinez         0026009591259289
632122105155226348704        0000191576EMP1936        Ivy Thomas              0122105155787997
632063100277877785252        0000066391EMP4253        Carol Davis             0063100277328068
632031201467617122219        0000283437EMP4793        Nathan Lee              0031201466043408
632021000021704798814        0000146944EMP6645        Jack Jackson            0021000023395481
632122105155790338701        0000229425EMP5505        Henry Anderson          0122105152546346
632121000248140783253        0000197718EMP8423        Carol Davis             0121000242520297
632063100277497371125        0000235743EMP3312        Larry Martinez          0063100274576309
632111000025965079078        0000143891EMP7629        Nathan Lee              0111000024973178
632044000037437723593        0000063425EMP3412        Alice Johnson           0044000033702836
632122105155815061261        0000242567EMP3262        Henry Anderson          0122105152242675
627044000037510087147        0007292023ANOM251        Karen White             0044000037339136
632111000025169573759        0000068297EMP5348        Jack Jackson            0111000028116618
622021000021161339148        0000104394EMP4296        Eva Brown               0021000023865399
622111000025354878135        0000147478EMP3294        Grace Taylor            0111000021640571
622063100277726875987        0000297278EMP3542        David Wilson            0063100279607639
632021000021773223418        0000246130EMP4362        Karen White             0021000026390296
632111000025813069472        0000144185EMP6420        Eva Brown               0111000024890190
622063100277918145052        0000335930EMP3704        Karen White             0063100274887670
622063100277227374908        0000355208EMP9664        Karen White             0063100270248864
622122105155230823271        0000158224EMP5693        Larry Martinez          0122105154567805
627021000021971014017        0009699618ANOM261        Larry Martinez          0021000023153133
622063100277571317752        0000057137EMP4321        Nathan Lee              0063100279705684
622111000025844737960        0000380114EMP5176        Eva Brown               0111000022008351
632031201467366311691        0000287802EMP1298        Carol Davis             0031201462822361
622031201467854205279        0000062895EMP6021        Bob Smith               0031201462743896
632111000025616459896        0000399250EMP9709        David Wilson            0111000025194033
622021000021527934661        0000462867EMP7435        Nathan Lee              0021000027098489
632026009593973055422        0000383859EMP8249        Eva Brown               0026009598622694
632122105155612306187        0000083860EMP6335        Jack Jackson            0122105159320432
632111000025987298801        0000280720EMP6394        Larry Martinez          0111000022630146
622021000021325927721        0000418409EMP1821        Frank Miller            0021000029854250
622031201467469499292        0000073050EMP3478        Larry Martinez          0031201460020533
632063100277700479041        0000379951EMP1723        Bob Smith               0063100277573176
622122105155279000146        0000394297EMP5036        Alice Johnson           0122105155121143
632111000025553874643        0000097852EMP9304        Larry Martinez          0111000025948678
622121000248659049356        0000323932EMP3650        Karen White             0121000241560908
632122105155773613818        0000169809EMP1682        Frank Miller            0122105152778958
632021000021518433247        0000191621EMP7434        Bob Smith               0021000026995801
632021000021149699124        0000147611EMP8640        Olivia Martinez         0021000026053044
622026009593509508196        0000275486EMP8953        Frank Miller            0026009596434646
622044000037400095784        0000366915EMP3136        Bob Smith               0044000030355961
627121000248588995141        0009546648ANOM282        Eva Brown               0121000241170869
632026009593649112170        0000210486EMP7881        Grace Taylor            0026009596200766
632031201467157873719        0000410793EMP8758        Larry Martinez          0031201469869966
622122105155522579851        0000219404EMP1118        Alice Johnson           0122105152466160
622122105155507156102        0000352295EMP3028        Henry Anderson          0122105150556729
632121000248851945232        0000264217EMP1585        Grace Taylor            0121000246192743
632044000037956552896        0000294611EMP8098        Nathan Lee              0044000031544765
632121000248921002443        0000201254EMP6638        Eva Brown               0121000248418206
627122105155141852814        0000500000SUSP290        Alice Johnson           0122105153407530
622021000021759771843        0000320691EMP2989        Ivy Thomas              0021000029681258
622111000025117968298        0000439274EMP6927        Ivy Thomas              0111000021645436
632026009593503322452        0000225733EMP6447        Frank Miller            0026009592272450
622121000248101188095        0000253789EMP5222        Eva Brown               0121000244677342
632031201467574172604        0000351650EMP7427        Jack Jackson            0031201461354612
622031201467744637768        0000486710EMP5940        Grace Taylor            0031201463591822
632021000021887126634        0000349671EMP3555        Grace Taylor            0021000026096258
632111000025662092133        0000085753EMP7431        Larry Martinez          0111000020134968
622111000025160914992        0000461215EMP8500        Carol Davis             0111000029467214
622122105155886192430        0000193275EMP6643        Mary Garcia             0122105153759114
622031201467653364097        0000228663EMP8290        Eva Brown               0031201464117630
622031201467398392124        0000289324EMP5843        Frank Miller            0031201460146872
632026009593205079814        0000304246EMP9148        Karen White             0026009595463322
627021000021155481922        0008024049ANOM304        Jack Jackson            0021000020797176
632063100277258614266        0000195407EMP8344        Larry Martinez          0063100275303178
632111000025424141654        0000213712EMP5293        Nathan Lee              0111000029750438
632063100277603002804        0000060156EMP7630        Grace Taylor            0063100275108925
632026009593353405635        0000214671EMP8508        Jack Jackson            0026009597523260
632063100277463714910        0000226965EMP7470        Eva Brown               0063100270898010
632063100277603620508        0000285901EMP4847        Ivy Thomas              0063100272752205
627121000248690387351        0000500000SUSP311        Bob Smith               0121000242997847
632063100277272143483        0000058317EMP1616        Frank Miller            0063100274889392
622044000037122531834        0000195095EMP3034        Olivia Martinez         0044000037992884
627021000021308741681        0008420339ANOM314        Carol Davis             0021000029783640
627026009593985674840        0009640556ANOM315        Alice Johnson           0026009593098675
632121000248600509063        0000422529EMP8159        Nathan Lee              0121000242996801
622021000021329864850        0000496078EMP4196        Frank Miller            0021000023628801
627044000037340569317        0000250000SUSP318        Frank Miller            0044000036924532
632063100277596419318        0000270121EMP2453        Eva Brown               0063100274327941
632111000025312461300        0000445073EMP8478        Karen White             0111000022905038
632026009593686918907        0000341584EMP5271        Karen White             0026009599856876
632044000037883026894        0000289793EMP1653        Larry Martinez          0044000038823311
632021000021466045843        0000106983EMP5682        Henry Anderson          0021000025493191
622121000248716970133        0000402396EMP5646        Frank Miller            0121000241898147
632122105155307153027        0000313360EMP8053        Nathan Lee              0122105156016632
622063100277333071220        0000181076EMP2909        Olivia Martinez         0063100279338540
632031201467627637870        0000398792EMP7437        Nathan Lee              0031201462604357
622111000025309622224        0000467906EMP6088        Frank Miller            0111000025796202
627031201467309011189        0000500000SUSP329        Grace Taylor            0031201463290098
622021000021279190098        0000322451EMP5546        Olivia Martinez         0021000026499572
627044000037409252684        0000500000SUSP331        Nathan Lee              0044000037401362
622063100277299471500        0000244377EMP4788        Eva Brown               0063100270172949
632031201467119680723        0000227360EMP7986        Carol Davis             0031201464668985
622063100277676965665        0000404696EMP8204        Jack Jackson            0063100276590181
622111000025180929167        0000187386EMP3829        Mary Garcia             0111000025510161
632031201467619432597        0000449758EMP6999        Jack Jackson            0031201465108311
632122105155783238139        0000451148EMP5047        Jack Jackson            0122105156110967
627088038456738718876        0000193360FRAUD338       Jack Jackson            0088038456468009
632021000021699754365        0000058765EMP8237        Karen White             0021000029309643
622026009593595451988        0000466242EMP1826        David Wilson            0026009599613838
627699947994682616888        0000262967FRAUD341       Henry Anderson          0699947995516321
622031201467284195441        0000375093EMP5592        Olivia Martinez         0031201461360524
632121000248209957964        0000099558EMP8945        Carol Davis             0121000244797904
627021000021371335169        0007259582ANOM344        Alice Johnson           0021000029834329
622111000025681029516        0000245940EMP5725        Mary Garcia             0111000027871339
622026009593169062011        0000264197EMP1923        Jack Jackson            0026009594609271
622122105155705044233        0000310972EMP4120        Alice Johnson           0122105157595554
632111000025229451538        0000327009EMP8981        Eva Brown               0111000023106100
622122105155252727497        0000373821EMP1624        Henry Anderson          0122105154461272
622122105155819324576        0000352917EMP8200        Grace Taylor            0122105152962593
627031201467316949723        0008360021ANOM351        Frank Miller            0031201465997454
632021000021168466640        0000256161EMP9268        Henry Anderson          0021000020346507
632031201467534651694        0000441711EMP4110        Grace Taylor            0031201461728894
632063100277751490074        0000140335EMP3911        Alice Johnson           0063100278958386
632021000021155443150        0000320342EMP7921        Alice Johnson           0021000027570773
627063100277701686812        0000250000SUSP356        Nathan Lee              0063100272048378
622122105155958805310        0000457293EMP4478        Eva Brown               0122105152717985
632044000037425779750        0000422367EMP7791        Olivia Martinez         0044000035413335
632021000021583762733        0000068252EMP2367        Grace Taylor            0021000023520496
622063100277910687813        0000065555EMP4178        Carol Davis             0063100279340795
622122105155321660556        0000226014EMP9375        Nathan Lee              0122105151548614
622122105155790993918        0000466910EMP4369        Grace Taylor            0122105158773139
632122105155212120623        0000390037EMP8649        Ivy Thomas              0122105151911174
627111000025948719473        0007089646ANOM364        Henry Anderson          0111000028156502
622021000021856703868        0000428068EMP5396        Olivia Martinez         0021000026407318
632044000037826724179        0000198855EMP4847        Bob Smith               0044000035732530
632044000037695091206        0000361433EMP5191        Eva Brown               0044000032942706
627021000021409036119        0000250000SUSP368        Larry Martinez          0021000021849348
622026009593818514698        0000090573EMP3007        Olivia Martinez         0026009598703456
627121000248701432174        0000250000SUSP370        Jack Jackson            0121000242386389
622021000021660764563        0000311112EMP3450        Henry Anderson          0021000029929874
622122105155656905524        0000284168EMP6574        David Wilson            0122105150651734
622031201467807705388        0000053551EMP6886        Olivia Martinez         0031201466565204
632111000025198708793        0000473369EMP1849        Nathan Lee              0111000024271637
632044000037453264835        0000198930EMP6314        Henry Anderson          0044000036751222
632121000248918138003        0000371892EMP7607        Mary Garcia             0121000247251081
622121000248722668657        0000178849EMP5047        Karen White             0121000249406874
622122105155304794453        0000465105EMP7078        Jack Jackson            0122105152745336
627145714354946610263        0000232043FRAUD379       Larry Martinez          0145714350437698
627186460387740694136        0000413588FRAUD380       Mary Garcia             0186460384222616
632026009593645298626        0000321957EMP3593        Jack Jackson            0026009592368751
632026009593406219344        0000174631EMP5235        Larry Martinez          0026009596616370
632044000037709710067        0000221082EMP9606        Larry Martinez          0044000033680348
632026009593708135221        0000141012EMP6869        Grace Taylor            0026009599061439
627111000025105343039        0007114874ANOM385        Alice Johnson           0111000020199676
622026009593861837649        0000082005EMP7039        Grace Taylor            0026009598154824
632031201467735223557        0000495573EMP9844        Mary Garcia             0031201466515306
622026009593673988440        0000284232EMP9178        Olivia Martinez         0026009595502503
627026009593476357890        0000250000SUSP389        Mary Garcia             0026009599397174
622122105155393639269        0000228980EMP6947        Eva Brown               0122105157920774
632044000037291120993        0000213651EMP3121        Alice Johnson           0044000034592663
622021000021125953515        0000308757EMP4549        Jack Jackson            0021000024697449
632121000248888999640        0000195396EMP8940        Jack Jackson            0121000241638289
632121000248895029018        0000088509EMP3656        David Wilson            0121000247144071
632044000037152555547        0000160229EMP2129        Frank Miller            0044000035666075
627031201467902509675        0006899014ANOM396        Nathan Lee              0031201469834368
622122105155233281646        0000343778EMP4570        Carol Davis             0122105158860393
622021000021227491989        0000156840EMP5462        Carol Davis             0021000029332357
632031201467896340168        0000491151EMP9501        Jack Jackson            0031201463199984
632121000248862278665        0000098981EMP3859        Henry Anderson          0121000249810956
632021000021630906522        0000378387EMP6682        Grace Taylor            0021000021685371
622121000248831454557        0000296399EMP9114        Henry Anderson          0121000246858491
622026009593953791210        0000255078EMP6087        Olivia Martinez         0026009592177755
622122105155954784743        0000084756EMP1591        Olivia Martinez         0122105159478126
632121000248880743921        0000099620EMP8793        Nathan Lee              0121000246464313
622063100277344344076        0000194559EMP9291        David Wilson            0063100275933697
627122105155608168328        0009429857ANOM407        Frank Miller            0122105156696269
632031201467246839872        0000246275EMP1528        Alice Johnson           0031201468898283
622021000021917683565        0000309591EMP7236        Nathan Lee              0021000024070733
627044000037433124869        0006436224ANOM410        Henry Anderson          0044000039487096
622122105155655942502        0000414713EMP5797        Alice Johnson           0122105158213905
632122105155207764886        0000363684EMP7235        Jack Jackson            0122105159376525
622044000037587170688        0000151851EMP1946        Larry Martinez          0044000035632968
627590042263927608159        0000195047FRAUD414       Nathan Lee              0590042269877953
627044000037781344489        0005103614ANOM415        Carol Davis             0044000031590893
627021000021449478170        0000500000SUSP416        Eva Brown               0021000023570131
632122105155158726630        0000381865EMP1691        Karen White             0122105154218295
622031201467670151043        0000135852EMP2609        Olivia Martinez         0031201464135887
632031201467113127521        0000477286EMP8427        David Wilson            0031201462562817
632044000037602080281        0000147821EMP7721        David Wilson            0044000039462866
627063100277951213097        0000250000SUSP421        Bob Smith               0063100278203133
622121000248262410913        0000418946EMP1592        Olivia Martinez         0121000249455470
622111000025259667069        0000372256EMP5216        Jack Jackson            0111000021554247
632026009593715174341        0000408513EMP3112        David Wilson            0026009591643437
622031201467721872758        0000297976EMP9254        Nathan Lee              0031201463578594
622026009593551486297        0000385321EMP4942        Mary Garcia             0026009596552486
627732604450407788406        0000306087FRAUD427       Jack Jackson            0732604451308600
632026009593480905631        0000354970EMP9652        Mary Garcia             0026009590476581
622044000037228148669        0000087674EMP7452        Grace Taylor            0044000039794846
632111000025708325451        0000408165EMP3492        Karen White             0111000022771664
627122105155482465155        0008555563ANOM431        Eva Brown               0122105154060751
622111000025429980130        0000135759EMP9137        Karen White             0111000021402671
622031201467710115396        0000417820EMP3027        David Wilson            0031201460730638
627111000025917092614        0000050000SUSP434        Ivy Thomas              0111000029515747
627021000021176280713        0000500000SUSP435        David Wilson            0021000020628326
622021000021953602925        0000079870EMP6627        Mary Garcia             0021000028328447
632021000021723456605        0000202659EMP8744        Nathan Lee              0021000028248077
632044000037404111967        0000330946EMP1618        Olivia Martinez         0044000035806436
627452993958474353337        0000358596FRAUD439       Eva Brown               0452993950808745
627111000025454156304        0006750842ANOM440        David Wilson            0111000029462379
627044000037748122485        0006587536ANOM441        Olivia Martinez         0044000033269471
622111000025762540280        0000463544EMP9960        Frank Miller            0111000023537481
632111000025556690994        0000191602EMP2073        Larry Martinez          0111000025447476
632026009593357162300        0000387960EMP4496        Frank Miller            0026009590472300
632121000248672677113        0000242858EMP2036        Karen White             0121000242355104
632122105155331885125        0000499844EMP9331        Olivia Martinez         0122105152404577
632026009593101027183        0000371498EMP9895        Alice Johnson           0026009596512616
627044000037112995326        0005407594ANOM448        Grace Taylor            0044000038627784
632026009593778241881        0000417123EMP6320        Alice Johnson           0026009594889227
627121000248130749559        0000100000SUSP450        Karen White             0121000249534979
627121000248850006928        0007454278ANOM451        Mary Garcia             0121000240057650
632026009593927770253        0000412891EMP4716        Mary Garcia             0026009593143736
627044000037424426593        0000050000SUSP453        Larry Martinez          0044000030826257
627121000248331574064        0000100000SUSP454        Nathan Lee              0121000244823278
622021000021287915143        0000461721EMP1364        Olivia Martinez         0021000029369436
622121000248411698730        0000468960EMP4502        Mary Garcia             0121000248887009
627920775074809530397        0000452754FRAUD457       Grace Taylor            0920775072048420
627025838836945367299        0000207992FRAUD458       Karen White             0025838839050638
627063100277548302652        0008253045ANOM459        Karen White             0063100276668012
632063100277231227508        0000083120EMP3810        Jack Jackson            0063100271330057
632063100277988916643        0000154535EMP5360        Bob Smith               0063100270041258
627063100277817203220        0009428572ANOM462        Alice Johnson           0063100270427424
622044000037662702017        0000050725EMP4273        Ivy Thomas              0044000039274110
622122105155208063956        0000233502EMP9200        Jack Jackson            0122105158110588
622121000248164862173        0000404824EMP5530        Ivy Thomas              0121000246133555
627111000025262256400        0006040234ANOM466        Alice Johnson           0111000020769769
622063100277843539507        0000231205EMP3102        Alice Johnson           0063100271521385
622044000037124351893        0000440123EMP6743        Larry Martinez          0044000037952383
632021000021898383145        0000180341EMP1707        Larry Martinez          0021000025367023
622026009593673755958        0000352541EMP2806        Alice Johnson           0026009599616085
622021000021721241115        0000432600EMP1901        Karen White             0021000022439753
622063100277733754175        0000125420EMP8317        Bob Smith               0063100279893720
632121000248369912336        0000437518EMP2802        Eva Brown               0121000245113235
622122105155925774533        0000280855EMP6915        Mary Garcia             0122105158051089
622021000021165186716        0000414886EMP4700        Ivy Thomas              0021000023521936
632121000248612125640        0000115124EMP2112        Henry Anderson          0121000242831858
622121000248188397557        0000073176EMP9441        Henry Anderson          0121000246673758
632021000021499568105        0000103645EMP6122        David Wilson            0021000022303561
632026009593998530173        0000421921EMP3357        David Wilson            0026009595536635
632026009593308705125        0000254501EMP1715        Henry Anderson          0026009591526637
622044000037528199369        0000279429EMP9633        Carol Davis             0044000032845917
622026009593747031605        0000323955EMP3805        Olivia Martinez         0026009592709736
627121000248311692328        0008848814ANOM483        Karen White             0121000247961991
622031201467941893249        0000456397EMP1989        Nathan Lee              0031201467123773
632122105155498942760        0000069795EMP3552        Larry Martinez          0122105151076193
632122105155551678946        0000381594EMP9743        Grace Taylor            0122105152409610
632044000037549347356        0000182142EMP5932        David Wilson            0044000036365784
632111000025102906134        0000319544EMP5356        Olivia Martinez         0111000022359332
632021000021382381928        0000149401EMP5954        David Wilson            0021000026104645
622063100277412656982        0000245127EMP4136        Nathan Lee              0063100279755472
632031201467253996686        0000093439EMP8844        Frank Miller            0031201462882708
622026009593517082646        0000377093EMP5652        Grace Taylor            0026009598096339
622111000025361835771        0000302283EMP1416        Henry Anderson          0111000020722505
632121000248149705003        0000445943EMP6165        Mary Garcia             0121000243584314
627856158363415350692        0000217675FRAUD495       Nathan Lee              0856158366843969
627044000037876733142        0000100000SUSP496        Grace Taylor            0044000037343193
632122105155955748292        0000139292EMP6443        Eva Brown               0122105154143976
632044000037603587408        0000122924EMP6325        Ivy Thomas              0044000038526858
627026009593563206468        0000050000SUSP499        Karen White             0026009590081970
820000050045765838720003439373480001105329231234567890                         123456780000001
9000001000051000005004576583872000343937348000110532923                                       
9999999999999999999999999999999999999999999999999999999999999999999999999999999999999999999999
9999999999999999999999999999999999999999999999999999999999999999999999999999999999999999999999
9999999999999999999999999999999999999999999999999999999999999999999999999999999999999999999999
9999999999999999999999999999999999999999999999999999999999999999999999999999999999999999999999
9999999999999999999999999999999999999999999999999999999999999999999999999999999999999999999999
9999999999999999999999999999999999999999999999999999999999999999999999999999999999999999999999