101009100001900910000192510121615A094101RECEIVING BANK         ORIGINATING BANK               
5200GLOBEX INC                          1234567890PPDPAYROLL         251013   1123456780000001
622111000025357377359        0000332468EMP7881        Carol Davis             0111000026731762
632026009593651054883        0000072373EMP5943        Karen White             0026009598397472
632063100277929255048        0000409036EMP8571        Eva Brown               0063100275636721
622122105155462359885        0000313797EMP1367        Olivia Martinez         0122105157376317
622063100277762916711        0000449362EMP9843        Jack Jackson            0063100273976273
632063100277301560384        0000414178EMP7994        Frank Miller            0063100275863819
622122105155851443133        0000339458EMP2613        Karen White             0122105158861644
632121000248105078614        0000455147EMP3435        Grace Taylor            0121000242130685
622122105155671793655        0000203900EMP9417        Olivia Martinez         0122105154127492
632121000248840873597        0000244677EMP9959        David Wilson            0121000247690678
632026009593128844632        0000424992EMP7571        Alice Johnson           0026009594881143
622044000037382436497        0000209257EMP7995        Olivia Martinez         0044000032490512
632121000248808491035        0000303842EMP7488        Bob Smith               0121000249501587
622044000037397251759        0000093726EMP6429        Nathan Lee              0044000030535393
632111000025883808533        0000294616EMP1802        Frank Miller            0111000025551639
622031201467220929202        0000085553EMP9229        Jack Jackson            0031201460678494
622021000021867876513        0000373976EMP6123        Ivy Thomas              0021000028384440
632111000025608762181        0000377540EMP1549        Bob Smith               0111000028582350
622111000025297686962        0000210509EMP1281        Henry Anderson          0111000029477576
632026009593642097795        0000373829EMP7072        Henry Anderson          0026009598641767
632111000025721313861        0000128733EMP7110        Grace Taylor            0111000029424372
622111000025691159123        0000148532EMP7703        Jack Jackson            0111000024451440
632026009593938515566        0000362434EMP1823        Ivy Thomas              0026009595050518
622121000248383091099        0000319638EMP6012        Larry Martinez          0121000247168232
622121000248472569629        0000449426EMP3522        Carol Davis             0121000249789338
622122105155165899511        0000456393EMP3024        Olivia Martinez         0122105157408930
632044000037506159065        0000295474EMP3474        David Wilson            0044000036956274
632021000021287222574        0000276864EMP1589        Jack Jackson            0021000020235687
622111000025531765441        0000272790EMP1598        Karen White             0111000023764967
632121000248972690492        0000050765EMP8192        Bob Smith               0121000240471780
622044000037993352964        0000469308EMP5067        Frank Miller            0044000035726042
632122105155217781988        0000130106EMP5103        Bob Smith               0122105152822858
622021000021485924556        0000274108EMP2680        Mary Garcia             0021000029424282
632122105155552868743        0000387296EMP4580        Jack Jackson            0122105152734771
632026009593823721146        0000468512EMP3111        Jack Jackson            0026009599968131
622063100277705287026        0000250672EMP9858        Larry Martinez          0063100271051537
632063100277182397742        0000233671EMP5943        Frank Miller            0063100272863619
622122105155877526240        0000100961EMP5102        Eva Brown               0122105155561183
632021000021229377823        0000429369EMP5476        Jack Jackson            0021000026381878
622122105155601872780        0000052830EMP7531        Frank Miller            0122105154380729
622111000025252452462        0000395797EMP9444        Ivy Thomas              0111000023775950
622026009593629294640        0000078016EMP5841        Alice Johnson           0026009591477708
622111000025706877642        0000308225EMP9201        Olivia Martinez         0111000024858749
622044000037592485582        0000350111EMP6261        Nathan Lee              0044000037862233
622063100277882559818        0000244414EMP6588        Olivia Martinez         0063100271967180
622063100277448049031        0000209213EMP3134        Larry Martinez          0063100276441439
622021000021122834734        0000299069EMP6606        Carol Davis             0021000024873429
622121000248901847488        0000478470EMP4470        Bob Smith               0121000241039486
632021000021675092697        0000375743EMP4388        Eva Brown               0021000026029351
632063100277189775548        0000294986EMP7466        Mary Garcia             0063100270077483
632063100277683953384        0000257819EMP3582        Larry Martinez          0063100272395442
632121000248184466582        0000095630EMP3467        Eva Brown               0121000249694401
632111000025312625344        0000150397EMP6972        Olivia Martinez         0111000024618442
632063100277390349972        0000395848EMP1724        Henry Anderson          0063100271548147
632021000021412263992        0000319456EMP5110        Grace Taylor            0021000022963429
622044000037584204464        0000229261EMP6824        Grace Taylor            0044000034772409
622031201467481671345        0000495805EMP8096        Nathan Lee              0031201469278192
632031201467148950800        0000052694EMP8085        Alice Johnson           0031201467661921
622026009593823440763        0000068922EMP5658        Karen White             0026009591005436
632026009593378847890        0000233832EMP3366        Alice Johnson           0026009596586345
632122105155131551799        0000163061EMP4144        Eva Brown               0122105157449156
622122105155646351231        0000322991EMP3183        Bob Smith               0122105150066426
632122105155771441794        0000203161EMP8758        Karen White             0122105158224347
632122105155993125940        0000480930EMP3307        Eva Brown               0122105159098583
632121000248532816110        0000385063EMP6523        Eva Brown               0121000248677021
632044000037509791862        0000068121EMP6673        Ivy Thomas              0044000031425622
622044000037708269651        0000401815EMP8816        Frank Miller            0044000037157150
632044000037348338508        0000179567EMP5551        David Wilson            0044000036464042
622121000248664823034        0000071625EMP5269        Mary Garcia             0121000244189488
632121000248864523453        0000111084EMP1889        Henry Anderson          0121000248384508
632111000025100126224        0000163387EMP4315        Olivia Martinez         0111000023940178
622063100277681969743        0000360710EMP4810        Karen White             0063100275042225
632026009593177145505        0000457544EMP5543        Larry Martinez          0026009594288763
632044000037612459469        0000431789EMP4808        Eva Brown               0044000033516081
632044000037376941146        0000348087EMP3081        Mary Garcia             0044000039695462
622026009593446270794        0000083370EMP4155        Mary Garcia             0026009595742216
622121000248351874851        0000179882EMP1036        Nathan Lee              0121000248647001
622026009593640003530        0000058055EMP3486        Frank Miller            0026009597233273
632026009593537002653        0000129595EMP1157        Ivy Thomas              0026009595767477
622122105155992876334        0000484765EMP4428        Larry Martinez          0122105151792416
622063100277694936748        0000129288EMP8554        Henry Anderson          0063100273324543
632111000025760341889        0000219486EMP4732        Frank Miller            0111000020703257
622122105155194385329        0000094822EMP9339        Alice Johnson           0122105158826335
622121000248634977050        0000447899EMP4428        Eva Brown               0121000242911093
632121000248146870868        0000421555EMP8462        Ivy Thomas              0121000241960206
632111000025296691879        0000253488EMP7109        Larry Martinez          0111000024592654
632111000025957041497        0000408870EMP8039        Karen White             0111000020015871
622044000037384234505        0000474850EMP7543        Olivia Martinez         0044000039094209
622026009593763615097        0000121321EMP3833        Mary Garcia             0026009590615284
632121000248369973138        0000351797EMP6794        Henry Anderson          0121000247949681
622063100277780548139        0000440200EMP8870        Bob Smith               0063100278335521
622021000021113163757        0000421154EMP7555        Mary Garcia             0021000023094004
622021000021793742429        0000320736EMP9863        David Wilson            0021000028036490
632044000037641090908        0000385603EMP3805        Ivy Thomas              0044000036634418
632121000248575926007        0000400145EMP8199        Jack Jackson            0121000244571997
622111000025349654094        0000072417EMP1886        Grace Taylor            0111000028356579
622026009593619402495        0000205677EMP3591        Mary Garcia             0026009597013983
622031201467404948903        0000301145EMP1208        Nathan Lee              0031201463820999
622121000248780802237        0000482857EMP6719        Olivia Martinez         0121000248320284
632031201467527622299        0000259112EMP1382        Alice Johnson           0031201464935931
632044000037721585155        0000255915EMP8499        Frank Miller            0044000034877231
632111000025579024606        0000271748EMP4369        Henry Anderson          0111000020851860
632021000021711095225        0000381379EMP6608        Eva Brown               0021000020187428
622063100277897539879        0000090938EMP8877        Nathan Lee              0063100271016603
632026009593407196320        0000111014EMP6103        David Wilson            0026009599366954
622044000037574317336        0000072974EMP5124        Nathan Lee              0044000036077773
622026009593729851036        0000379522EMP7113        Nathan Lee              0026009593125525
622063100277911854974        0000089011EMP9259        Larry Martinez          0063100272869720
632121000248592739055        0000372652EMP1031        Carol Davis             0121000240003933
622111000025906503415        0000425801EMP7765        Ivy Thomas              0111000020470172
632021000021715764637        0000498775EMP8707        Larry Martinez          0021000021141436
632026009593140225739        0000295481EMP8040        Karen White             0026009598435209
622122105155104217469        0000230080EMP9875        Henry Anderson          0122105151649010
622121000248683755657        0000248267EMP9101        David Wilson            0121000240081527
632122105155711910480        0000112807EMP2341        Bob Smith               0122105153741333
632026009593525119836        0000448083EMP4697        Frank Miller            0026009592447359
622122105155610107283        0000388499EMP9429        Eva Brown               0122105152566543
632044000037655881698        0000146208EMP7252        David Wilson            0044000034221796
632121000248726461118        0000419630EMP5651        Jack Jackson            0121000243257080
622031201467372576596        0000105598EMP1637        Alice Johnson           0031201468731393
622021000021839665401        0000340368EMP1924        Mary Garcia             0021000029688477
622021000021713203342        0000225152EMP1395        Olivia Martinez         0021000022367166
622111000025333934966        0000240332EMP7747        Mary Garcia             0111000024263529
632111000025320487721        0000275195EMP5499        Jack Jackson            0111000023832661
622031201467421363821        0000391161EMP8908        Bob Smith               0031201465495352
622121000248217137111        0000279648EMP1865        Jack Jackson            0121000249117875
632122105155274117188        0000172664EMP5056        Karen White             0122105152793770
622026009593580965351        0000255907EMP5667        Jack Jackson            0026009592354999
632111000025612340261        0000119154EMP7462        Olivia Martinez         0111000027517265
622111000025671391763        0000419616EMP7907        Frank Miller            0111000022774153
632031201467213073591        0000052877EMP3093        Grace Taylor            0031201468440083
632021000021872461957        0000392508EMP1400        Nathan Lee              0021000021334860
632121000248306343469        0000173410EMP2476        Olivia Martinez         0121000244780232
622044000037610729527        0000427954EMP6814        Jack Jackson            0044000039503990
622122105155570194888        0000299537EMP3302        Olivia Martinez         0122105156584730
622021000021880380749        0000139213EMP9018        Grace Taylor            0021000025602484
632044000037493264934        0000091030EMP1954        Olivia Martinez         0044000036088078
632021000021394335983        0000327710EMP4321        Larry Martinez          0021000024929696
622063100277582044541        0000485570EMP3762        David Wilson            0063100278911007
632044000037328641034        0000056316EMP2987        Bob Smith               0044000038105160
622031201467519171406        0000193027EMP7393        Eva Brown               0031201466096658
622063100277236619559        0000077105EMP3019        Frank Miller            0063100270932858
632063100277830579598        0000301054EMP1047        Grace Taylor            0063100276273805
622111000025626017057        0000252436EMP8608        Bob Smith               0111000029279749
632122105155855587430        0000283896EMP8690        Bob Smith               0122105154697057
622044000037400036325        0000103563EMP2212        Ivy Thomas              0044000031344202
632121000248156811458        0000363863EMP7698        Karen White             0121000242154598
622031201467799792136        0000341961EMP9728        Henry Anderson          0031201462030055
632111000025213814213        0000243695EMP6272        Karen White             0111000022630606
632063100277177412142        0000419970EMP7334        Bob Smith               0063100274496714
632044000037305474293        0000315070EMP9344        David Wilson            0044000036668806
622121000248507210525        0000290967EMP5679        Karen White             0121000242521248
632031201467835695413        0000481765EMP4862        Karen White             0031201465175595
622031201467122017595        0000160845EMP5901        Carol Davis             0031201461374486
622026009593453814918        0000093968EMP5443        Bob Smith               0026009593298572
632021000021960257487        0000150430EMP8381        Alice Johnson           0021000025903474
622031201467815687135        0000422647EMP5679        Henry Anderson          0031201460990531
622031201467443140010        0000390101EMP1308        Ivy Thomas              0031201463986444
622121000248920462263        0000439622EMP5128        Mary Garcia             0121000241176824
632111000025689597556        0000492926EMP4732        Bob Smith               0111000027041017
622021000021314595934        0000091119EMP2806        Ivy Thomas              0021000026262798
632121000248730534303        0000405004EMP1791        Mary Garcia             0121000247474891
622044000037432316821        0000484792EMP9553        Jack Jackson            0044000036645742
632031201467296731363        0000200261EMP3738        Frank Miller            0031201461167379
632063100277605754658        0000095339EMP1176        Grace Taylor            0063100279317596
632031201467600577990        0000101833EMP5863        Bob Smith               0031201469562439
632044000037265063371        0000329679EMP9194        Karen White             0044000030413219
632122105155837850057        0000282632EMP7299        Alice Johnson           0122105154109817
632063100277874484640        0000322711EMP1315        Larry Martinez          0063100270225888
622031201467205016917        0000340136EMP4271        Ivy Thomas              0031201464290718
622063100277902803988        0000492118EMP8639        Olivia Martinez         0063100270233307
632121000248881119427        0000191111EMP6123        Karen White             0121000241100537
622044000037660037250        0000058421EMP4308        David Wilson            0044000038571693
622121000248503804003        0000150339EMP1276        David Wilson            0121000244148409
632063100277204717637        0000158123EMP5651        Eva Brown               0063100275208051
632044000037528286234        0000247066EMP2513        Alice Johnson           0044000032309229
632031201467841772770        0000377897EMP3282        Mary Garcia             0031201467546490
632121000248729953909        0000482135EMP3262        Grace Taylor            0121000242879615
622121000248696770849        0000457299EMP8610        David Wilson            0121000244659537
632031201467703759144        0000111834EMP9929        Frank Miller            0031201463971979
622021000021920100384        0000133354EMP5107        Grace Taylor            0021000025548769
632031201467576096022        0000055368EMP4552        Nathan Lee              0031201461398679
622026009593293511117        0000243590EMP2641        Nathan Lee              0026009595231489
622026009593564997319        0000290294EMP8238        Frank Miller            0026009590853991
622122105155280788781        0000417311EMP4491        Ivy Thomas              0122105158717631
622031201467546779741        0000499287EMP1114        Frank Miller            0031201460465860
622063100277794171157        0000439412EMP4298        Olivia Martinez         0063100279255197
632111000025895526573        0000196013EMP8765        Grace Taylor            0111000024069210
632026009593834970867        0000461787EMP2445        Karen White             0026009597701429
622122105155470400948        0000332136EMP5089        David Wilson            0122105158716486
632111000025445457328        0000317000EMP8849        Jack Jackson            0111000026137740
622122105155980497754        0000159852EMP5400        Jack Jackson            0122105150993201
622122105155164546481        0000355745EMP5046        Mary Garcia             0122105153146252
622021000021937910694        0000089574EMP4172        Jack Jackson            0021000027874064
632122105155741105988        0000140810EMP8525        Nathan Lee              0122105152046935
622121000248386445840        0000277118EMP5932        Karen White             0121000246983931
632063100277142159488        0000132934EMP7530        Mary Garcia             0063100270334756
622121000248400360685        0000320807EMP4856        Alice Johnson           0121000244646528
622026009593765168718        0000412878EMP9014        David Wilson            0026009597096449
632026009593365008024        0000257034EMP1863        Jack Jackson            0026009591285697
820000020014335720410000000000000000554116181234567890                         123456780000001
9000001000021000002001433572041000000000000000055411618                                       
9999999999999999999999999999999999999999999999999999999999999999999999999999999999999999999999
9999999999999999999999999999999999999999999999999999999999999999999999999999999999999999999999
9999999999999999999999999999999999999999999999999999999999999999999999999999999999999999999999
9999999999999999999999999999999999999999999999999999999999999999999999999999999999999999999999
9999999999999999999999999999999999999999999999999999999999999999999999999999999999999999999999
9999999999999999999999999999999999999999999999999999999999999999999999999999999999999999999999